time,price,change,volume,amount,type
09:25:04,54.0,-0.91,6046,32648616,卖盘
09:30:00,53.98,-0.02,1518,8202448,卖盘
09:30:04,54.0,0.02,3552,19177566,买盘
09:30:07,53.99,-0.01,1136,6130448,卖盘
09:30:10,54.0,0.01,1119,6042044,买盘
09:30:12,53.9,-0.1,548,2958583,卖盘
09:30:15,53.93,0.03,547,2951818,中性盘
09:30:19,53.83,-0.1,1030,5554591,卖盘
09:30:21,53.88,0.05,810,4358908,买盘
09:30:24,53.91,0.03,293,1577892,买盘
09:30:27,53.87,-0.04,390,2102617,卖盘
09:30:31,53.87,0.0,352,1897443,买盘
09:30:34,53.89,0.02,183,986900,中性盘
09:30:36,53.98,0.09,282,1521003,买盘
09:30:39,54.0,0.02,333,1798050,买盘
09:30:43,53.93,-0.07,498,2686904,卖盘
09:30:46,53.98,0.05,323,1744618,买盘
09:30:49,53.98,0.0,274,1483336,买盘
09:30:52,54.24,0.26,361,1951594,买盘
09:30:54,54.0,-0.24,277,1497355,买盘
09:30:57,54.0,0.0,211,1138648,买盘
09:31:00,54.0,0.0,184,995463,卖盘
09:31:05,54.0,0.0,188,1018061,卖盘
09:31:07,54.0,0.0,102,551849,卖盘
09:31:10,54.01,0.01,161,870978,中性盘
09:31:13,54.01,0.0,177,958728,卖盘
09:31:16,54.25,0.24,134,723930,买盘
09:31:18,54.26,0.01,253,1370400,买盘
09:31:21,54.01,-0.25,406,2199638,卖盘
09:31:24,54.26,0.25,130,703743,买盘
09:31:28,54.03,-0.23,121,654515,卖盘
09:31:30,54.03,0.0,107,578951,卖盘
09:31:34,54.03,0.0,459,2480875,卖盘
09:31:36,54.09,0.06,132,713427,中性盘
09:31:40,54.09,0.0,131,710048,买盘
09:31:43,54.05,-0.04,161,871967,卖盘
09:31:46,54.26,0.21,68,367928,买盘
09:31:49,54.24,-0.02,51,276007,中性盘
09:31:52,54.26,0.02,54,292511,买盘
09:31:55,54.24,-0.02,57,308921,中性盘
09:31:57,54.2,-0.04,134,726785,卖盘
09:32:01,54.31,0.11,347,1884232,买盘
09:32:04,54.31,0.0,175,950492,卖盘
09:32:06,54.33,0.02,206,1118968,买盘
09:32:10,54.27,-0.06,76,412593,卖盘
09:32:13,54.38,0.11,112,608351,买盘
09:32:15,54.31,-0.07,172,934611,卖盘
09:32:19,54.4,0.09,92,499945,买盘
09:32:21,54.31,-0.09,382,2075854,卖盘
09:32:24,54.4,0.09,504,2740310,买盘
09:32:27,54.4,0.0,218,1185453,买盘
09:32:30,54.4,0.0,225,1223889,买盘
09:32:34,54.42,0.02,83,451539,买盘
09:32:37,54.44,0.02,72,391704,买盘
09:32:40,54.42,-0.02,129,702299,卖盘
09:32:43,54.44,0.02,158,859902,买盘
09:32:46,54.42,-0.02,151,821708,卖盘
09:32:49,54.42,0.0,241,1311256,买盘
09:32:51,54.42,0.0,133,723665,买盘
09:32:54,54.42,0.0,263,1430928,买盘
09:32:57,54.42,0.0,68,370085,卖盘
09:33:01,54.42,0.0,140,761935,卖盘
09:33:05,54.44,0.02,47,255830,买盘
09:33:07,54.43,-0.01,115,625865,卖盘
09:33:10,54.43,0.0,156,848945,中性盘
09:33:12,54.41,-0.02,162,881432,卖盘
09:33:15,54.4,-0.01,146,794184,卖盘
09:33:19,54.34,-0.06,75,407587,卖盘
09:33:21,54.33,-0.01,204,1109511,卖盘
09:33:25,54.33,0.0,67,363970,卖盘
09:33:27,54.33,0.0,27,146681,买盘
09:33:30,54.31,-0.02,81,439985,卖盘
09:33:34,54.39,0.08,523,2841143,买盘
09:33:37,54.31,-0.08,191,1037046,中性盘
09:33:40,54.31,0.0,93,504863,买盘
09:33:42,54.26,-0.05,75,407147,卖盘
09:33:46,54.25,-0.01,318,1726775,卖盘
09:33:49,54.25,0.0,31,168193,买盘
09:33:51,54.25,0.0,92,498936,买盘
09:33:55,54.25,0.0,180,976370,买盘
09:33:58,54.26,0.01,203,1101476,买盘
09:34:00,54.3,0.04,170,923107,买盘
09:34:04,54.25,-0.05,292,1587598,卖盘
09:34:07,54.41,0.16,157,854048,买盘
09:34:10,54.36,-0.05,68,369332,卖盘
09:34:12,54.4,0.04,80,435067,买盘
09:34:16,54.35,-0.05,18,97861,卖盘
09:34:18,54.3,-0.05,48,260946,卖盘
09:34:22,54.35,0.05,68,369571,中性盘
09:34:24,54.4,0.05,52,282688,买盘
09:34:27,54.37,-0.03,242,1314304,中性盘
09:34:31,54.36,-0.01,85,461922,卖盘
09:34:34,54.35,-0.01,126,684995,卖盘
09:34:36,54.36,0.01,97,527125,买盘
09:34:40,54.36,0.0,102,554475,买盘
09:34:42,54.36,0.0,94,510927,买盘
09:34:45,54.36,0.0,60,326138,买盘
09:34:48,54.36,0.0,181,983831,买盘
09:34:51,54.36,0.0,84,456608,卖盘
09:34:54,54.36,0.0,98,532696,卖盘
09:34:58,54.36,0.0,65,353358,买盘
09:35:01,54.35,-0.01,114,622030,卖盘
09:35:04,54.33,-0.02,61,329231,卖盘
09:35:06,54.33,0.0,108,586839,卖盘
09:35:10,54.34,0.01,174,945324,买盘
09:35:13,54.32,-0.02,111,603255,卖盘
09:35:16,54.32,0.0,65,353105,买盘
09:35:19,54.31,-0.01,75,407319,卖盘
09:35:21,54.3,-0.01,507,2753045,卖盘
09:35:24,54.3,0.0,275,1493269,卖盘
09:35:28,54.3,0.0,287,1558820,卖盘
09:35:30,54.3,0.0,96,521012,买盘
09:35:33,54.3,0.0,81,439733,买盘
09:35:37,54.25,-0.05,104,564504,卖盘
09:35:40,54.26,0.01,144,781222,买盘
09:35:42,54.25,-0.01,87,471943,卖盘
09:35:46,54.25,0.0,72,390566,买盘
09:35:48,54.22,-0.03,86,466486,卖盘
09:35:51,54.25,0.03,93,504381,买盘
09:35:54,54.21,-0.04,135,731989,卖盘
09:35:58,54.2,-0.01,81,439111,卖盘
09:36:01,54.22,0.02,110,596328,买盘
09:36:04,54.22,0.0,348,1886268,买盘
09:36:07,54.2,-0.02,65,352342,卖盘
09:36:10,54.2,0.0,245,1327912,卖盘
09:36:12,54.22,0.02,188,1019235,买盘
09:36:15,54.17,-0.05,193,1045968,卖盘
09:36:19,54.16,-0.01,66,357505,卖盘
09:36:22,54.18,0.02,37,200453,买盘
09:36:25,54.2,0.02,62,335883,买盘
09:36:27,54.16,-0.04,53,287099,卖盘
09:36:31,54.16,0.0,85,460461,卖盘
09:36:33,54.11,-0.05,372,2014000,卖盘
09:36:37,54.1,-0.01,94,511272,卖盘
09:36:40,54.12,0.02,12,64949,买盘
09:36:42,54.12,0.0,83,449205,卖盘
09:36:45,54.11,-0.01,70,378838,卖盘
09:36:48,54.12,0.01,180,973984,买盘
09:36:51,54.12,0.0,95,514139,卖盘
09:36:54,54.11,-0.01,105,568118,卖盘
09:36:57,54.12,0.01,88,476179,买盘
09:37:01,54.11,-0.01,184,995687,卖盘
09:37:04,54.11,0.0,89,481598,买盘
09:37:06,54.11,0.0,218,1179591,卖盘
09:37:10,54.12,0.01,173,936161,买盘
09:37:13,54.12,0.0,281,1520780,买盘
09:37:15,54.12,0.0,163,882180,卖盘
09:37:19,54.12,0.0,175,947207,卖盘
09:37:21,54.12,0.0,333,1802113,卖盘
09:37:25,54.12,0.0,242,1309503,卖盘
09:37:27,54.12,0.0,94,508666,买盘
09:37:31,54.1,-0.02,163,882111,卖盘
09:37:34,54.1,0.0,340,1839477,卖盘
09:37:37,54.12,0.02,132,714022,买盘
09:37:39,54.08,-0.04,42,227206,卖盘
09:37:42,54.1,0.02,155,838496,买盘
09:37:46,54.1,0.0,130,702984,买盘
09:37:49,54.11,0.01,239,1292841,买盘
09:37:51,54.12,0.01,140,757222,买盘
09:37:54,54.09,-0.03,94,508498,卖盘
09:37:58,54.08,-0.01,51,275886,卖盘
09:38:01,54.09,0.01,57,308341,中性盘
09:38:04,54.08,-0.01,181,978996,卖盘
09:38:06,54.09,0.01,658,3559479,卖盘
09:38:09,54.1,0.01,99,535509,买盘
09:38:12,54.1,0.0,106,573340,买盘
09:38:16,54.09,-0.01,275,1487285,中性盘
09:38:19,54.1,0.01,104,562524,买盘
09:38:22,54.1,0.0,37,200152,买盘
09:38:25,54.1,0.0,255,1379518,买盘
09:38:28,54.1,0.0,39,210994,卖盘
09:38:30,54.1,0.0,112,606020,卖盘
09:38:33,54.1,0.0,890,4813065,卖盘
09:38:36,54.11,0.01,186,1006326,买盘
09:38:40,54.12,0.01,48,259719,买盘
09:38:43,54.12,0.0,130,703378,买盘
09:38:46,54.1,-0.02,111,600636,卖盘
09:38:49,54.12,0.02,90,486091,买盘
09:38:52,54.12,0.0,28,151555,卖盘
09:38:54,54.15,0.03,18,97426,买盘
09:38:57,54.12,-0.03,101,546917,卖盘
09:39:00,54.17,0.05,569,3081602,买盘
09:39:05,54.15,-0.02,137,742190,卖盘
09:39:07,54.16,0.01,17,92068,中性盘
09:39:09,54.17,0.01,17,92077,买盘
09:39:13,54.2,0.03,198,1072938,买盘
09:39:15,54.2,0.0,64,346819,中性盘
09:39:19,54.22,0.02,82,443382,买盘
09:39:22,54.21,-0.01,157,850980,中性盘
09:39:24,54.21,0.0,110,596316,买盘
09:39:28,54.21,0.0,63,344994,卖盘
09:39:30,54.22,0.01,244,1322666,买盘
09:39:33,54.23,0.01,154,834977,买盘
09:39:36,54.2,-0.03,241,1302851,卖盘
09:39:39,54.2,0.0,212,1149016,买盘
09:39:42,54.2,0.0,64,346871,买盘
09:39:46,54.19,-0.01,83,453338,卖盘
09:39:48,54.2,0.01,26,140924,卖盘
09:39:51,54.21,0.01,94,509520,中性盘
09:39:54,54.21,0.0,230,1246624,买盘
09:39:57,54.2,-0.01,297,1609754,卖盘
09:40:01,54.19,-0.01,268,1448822,卖盘
09:40:04,54.2,0.01,135,735024,买盘
09:40:07,54.2,0.0,242,1308823,买盘
09:40:09,54.19,-0.01,440,2384481,中性盘
09:40:13,54.2,0.01,132,715374,买盘
09:40:15,54.19,-0.01,57,308896,卖盘
09:40:19,54.18,-0.01,55,299102,卖盘
09:40:22,54.18,0.0,51,275240,卖盘
09:40:25,54.18,0.0,145,785694,买盘
09:40:27,54.17,-0.01,60,326163,卖盘
09:40:31,54.17,0.0,108,583971,卖盘
09:40:34,54.17,0.0,2,10834,买盘
09:40:36,54.16,-0.01,98,533983,卖盘
09:40:39,54.16,0.0,28,151639,买盘
09:40:43,54.15,-0.01,245,1323430,卖盘
09:40:45,54.14,-0.01,78,422319,卖盘
09:40:49,54.14,0.0,161,871575,买盘
09:40:51,54.13,-0.01,182,985194,卖盘
09:40:55,54.15,0.02,233,1261632,买盘
09:40:57,54.13,-0.02,92,500338,卖盘
09:41:00,54.14,0.01,23,124503,买盘
09:41:05,54.13,-0.01,188,1017494,卖盘
09:41:07,54.13,0.0,67,360188,买盘
09:41:10,54.12,-0.01,44,239163,卖盘
09:41:12,54.12,0.0,44,238128,买盘
09:41:15,54.11,-0.01,272,1471681,卖盘
09:41:19,54.11,0.0,57,308461,卖盘
09:41:21,54.1,-0.01,119,643798,卖盘
09:41:24,54.1,0.0,70,378704,卖盘
09:41:27,54.11,0.01,152,821262,买盘
09:41:31,54.1,-0.01,230,1245397,卖盘
09:41:33,54.09,-0.01,337,1822431,卖盘
09:41:37,54.06,-0.03,47,254113,买盘
09:41:39,54.08,0.02,39,210843,买盘
09:41:43,54.06,-0.02,67,362213,卖盘
09:41:45,54.05,-0.01,117,632481,卖盘
09:41:48,54.06,0.01,114,616264,买盘
09:41:51,54.06,0.0,131,708139,卖盘
09:41:54,54.07,0.01,135,732145,买盘
09:41:57,54.07,0.0,46,248727,卖盘
09:42:00,54.09,0.02,170,919438,买盘
09:42:04,54.08,-0.01,153,827292,卖盘
09:42:06,54.09,0.01,195,1054313,买盘
09:42:09,54.09,0.0,212,1145040,买盘
09:42:12,54.09,0.0,272,1471309,卖盘
09:42:15,54.1,0.01,56,302946,买盘
09:42:18,54.09,-0.01,134,722695,卖盘
09:42:22,54.09,0.0,515,2785612,卖盘
09:42:25,54.08,-0.01,86,465101,卖盘
09:42:27,54.07,-0.01,90,487128,卖盘
09:42:31,54.08,0.01,54,292002,中性盘
09:42:34,54.08,0.0,54,292016,买盘
09:42:36,54.06,-0.02,226,1222292,卖盘
09:42:39,54.06,0.0,135,730027,卖盘
09:42:42,54.06,0.0,54,291992,卖盘
09:42:46,54.07,0.01,65,351474,中性盘
09:42:49,54.07,0.0,398,2152852,卖盘
09:42:52,54.06,-0.01,145,783876,中性盘
09:42:55,54.06,0.0,71,383825,买盘
09:42:58,54.06,0.0,272,1467948,买盘
09:43:01,54.05,-0.01,614,3321455,卖盘
09:43:04,54.07,0.02,100,540559,买盘
09:43:07,54.05,-0.02,144,778236,卖盘
09:43:10,54.06,0.01,143,771850,买盘
09:43:12,54.06,0.0,37,200049,卖盘
09:43:16,54.06,0.0,559,3022834,卖盘
09:43:19,54.06,0.0,643,3475751,买盘
09:43:22,54.06,0.0,137,741671,买盘
09:43:24,54.07,0.01,117,632525,买盘
09:43:27,54.06,-0.01,247,1335023,卖盘
09:43:30,54.06,0.0,235,1270413,买盘
09:43:33,54.05,-0.01,121,654107,卖盘
09:43:37,54.05,0.0,60,324348,卖盘
09:43:39,54.05,0.0,141,764189,卖盘
09:43:43,54.05,0.0,402,2172689,卖盘
09:43:45,54.06,0.01,54,291931,买盘
09:43:49,54.06,0.0,199,1074713,卖盘
09:43:51,54.06,0.0,14,75685,卖盘
09:43:54,54.1,0.04,54,291965,买盘
09:43:57,54.06,-0.04,171,925970,卖盘
09:44:00,54.12,0.06,115,622222,买盘
09:44:05,54.11,-0.01,75,405831,卖盘
09:44:07,54.1,-0.01,242,1309583,卖盘
09:44:09,54.1,0.0,87,470670,买盘
09:44:13,54.11,0.01,296,1600012,买盘
09:44:15,54.1,-0.01,101,546280,卖盘
09:44:19,54.1,0.0,114,613500,卖盘
09:44:22,54.1,0.0,192,1038652,买盘
09:44:25,54.1,0.0,395,2136894,买盘
09:44:27,54.11,0.01,151,819770,买盘
09:44:31,54.1,-0.01,482,2607091,卖盘
09:44:33,54.11,0.01,23,124458,卖盘
09:44:37,54.1,-0.01,50,270566,卖盘
09:44:39,54.1,0.0,198,1071269,卖盘
09:44:43,54.11,0.01,29,156901,买盘
09:44:46,54.1,-0.01,113,611308,卖盘
09:44:49,54.1,0.0,137,741144,买盘
09:44:51,54.1,0.0,125,676246,买盘
09:44:54,54.11,0.01,217,1173978,买盘
09:44:58,54.1,-0.01,24,129847,卖盘
09:45:01,54.1,0.0,154,829966,卖盘
09:45:05,54.1,0.0,208,1128405,卖盘
09:45:07,54.1,0.0,55,294323,买盘
09:45:09,54.1,0.0,186,1009523,卖盘
09:45:13,54.1,0.0,38,205610,卖盘
09:45:16,54.1,0.0,52,281329,卖盘
09:45:19,54.1,0.0,94,505282,卖盘
09:45:21,54.1,0.0,72,389485,买盘
09:45:25,54.1,0.0,271,1466082,买盘
09:45:27,54.09,-0.01,47,259315,卖盘
09:45:31,54.09,0.0,112,605894,卖盘
09:45:34,54.1,0.01,56,302911,买盘
09:45:37,54.1,0.0,105,568046,买盘
09:45:40,54.11,0.01,227,1225843,买盘
09:45:42,54.1,-0.01,17,91987,卖盘
09:45:45,54.11,0.01,73,394960,中性盘
09:45:48,54.1,-0.01,119,643789,卖盘
09:45:52,54.12,0.02,28,151514,买盘
09:45:55,54.1,-0.02,54,292146,卖盘
09:45:58,54.12,0.02,68,367966,买盘
09:46:00,54.11,-0.01,116,627755,卖盘
09:46:04,54.12,0.01,71,384144,买盘
09:46:07,54.11,-0.01,102,551901,卖盘
09:46:10,54.11,0.0,70,378725,买盘
09:46:13,54.1,-0.01,54,292175,卖盘
09:46:16,54.11,0.01,82,443669,买盘
09:46:19,54.11,0.0,23,124435,买盘
09:46:22,54.11,0.0,17,91974,买盘
09:46:24,54.11,0.0,143,773689,买盘
09:46:27,54.11,0.0,62,335460,买盘
09:46:30,54.11,0.0,205,1109159,买盘
09:46:34,54.12,0.01,77,416620,买盘
09:46:36,54.11,-0.01,42,227239,中性盘
09:46:39,54.1,-0.01,28,151490,卖盘
09:46:42,54.11,0.01,22,119032,买盘
09:46:45,54.2,0.09,1064,5760792,买盘
09:46:48,54.12,-0.08,37,200203,中性盘
09:46:51,54.12,0.0,29,156977,买盘
09:46:54,54.12,0.0,14,75815,卖盘
09:46:57,54.12,0.0,26,140823,卖盘
09:47:01,54.2,0.08,6,32512,买盘
09:47:04,54.2,0.0,22,119224,买盘
09:47:06,54.2,0.0,94,509210,买盘
09:47:10,54.2,0.0,21,113784,买盘
09:47:13,54.12,-0.08,192,1039628,卖盘
09:47:15,54.2,0.08,23,124615,买盘
09:47:18,54.13,-0.07,5,27065,卖盘
09:47:22,54.13,0.0,21,113746,卖盘
09:47:24,54.13,0.0,30,162427,卖盘
09:47:27,54.17,0.04,36,194932,买盘
09:47:31,54.15,-0.02,101,546763,买盘
09:47:33,54.13,-0.02,16,86615,卖盘
09:47:37,54.13,0.0,49,265229,买盘
09:47:39,54.13,0.0,69,373513,买盘
09:47:42,54.13,0.0,87,470933,买盘
09:47:45,54.13,0.0,30,162372,买盘
09:47:49,54.11,-0.02,253,1369159,卖盘
09:47:51,54.12,0.01,470,2542972,买盘
09:47:55,54.11,-0.01,96,519404,中性盘
09:47:57,54.1,-0.01,113,611559,卖盘
09:48:00,54.12,0.02,25,135291,买盘
09:48:05,54.12,0.0,1057,5717050,买盘
09:48:07,54.11,-0.01,78,422122,卖盘
09:48:10,54.11,0.0,26,140687,卖盘
09:48:12,54.12,0.01,20,108240,卖盘
09:48:15,54.12,0.0,56,303061,卖盘
09:48:19,54.12,0.0,33,178599,卖盘
09:48:21,54.13,0.01,50,270628,买盘
09:48:25,54.12,-0.01,20,108243,卖盘
09:48:27,54.1,-0.02,297,1607301,卖盘
09:48:31,54.09,-0.01,79,427342,卖盘
09:48:34,54.1,0.01,75,405707,买盘
09:48:36,54.08,-0.02,57,308298,卖盘
09:48:39,54.08,0.0,38,205495,买盘
09:48:42,54.08,0.0,28,151416,买盘
09:48:45,54.08,0.0,109,589438,买盘
09:48:48,54.07,-0.01,36,194653,卖盘
09:48:51,54.07,0.0,142,767807,卖盘
09:48:54,54.07,0.0,73,394717,卖盘
09:48:58,54.06,-0.01,520,2812921,卖盘
09:49:00,54.07,0.01,59,319017,卖盘
09:49:04,54.07,0.0,4,21628,卖盘
09:49:07,54.07,0.0,34,183852,卖盘
09:49:09,54.06,-0.01,346,1870693,卖盘
09:49:12,54.07,0.01,22,118955,中性盘
09:49:15,54.06,-0.01,66,356808,卖盘
09:49:18,54.06,0.0,30,159056,卖盘
09:49:21,54.06,0.0,193,1043492,卖盘
09:49:24,54.06,0.0,51,275727,卖盘
09:49:27,54.08,0.02,20,108139,买盘
09:49:30,54.07,-0.01,6,32441,中性盘
09:49:33,54.07,0.0,103,556867,卖盘
09:49:37,54.06,-0.01,144,778556,卖盘
09:49:39,54.07,0.01,76,410885,中性盘
09:49:43,54.06,-0.01,14,75697,卖盘
09:49:46,54.07,0.01,42,227072,买盘
09:49:49,54.07,0.0,77,418682,买盘
09:49:52,54.06,-0.01,231,1246429,卖盘
09:49:54,54.06,0.0,75,405450,买盘
09:49:58,54.07,0.01,29,156777,买盘
09:50:00,54.06,-0.01,28,151391,卖盘
09:50:05,54.06,0.0,65,351414,卖盘
09:50:07,54.06,0.0,27,145960,买盘
09:50:10,54.06,0.0,7,37842,买盘
09:50:13,54.05,-0.01,30,162160,卖盘
09:50:15,54.06,0.01,20,108115,买盘
09:50:19,54.06,0.0,68,367560,买盘
09:50:22,54.05,-0.01,67,362154,卖盘
09:50:25,54.05,0.0,102,551330,卖盘
09:50:28,54.06,0.01,181,978320,买盘
09:50:30,54.05,-0.01,98,529738,卖盘
09:50:33,54.05,0.0,645,3486726,卖盘
09:50:37,54.05,0.0,85,459430,卖盘
09:50:39,54.04,-0.01,532,2876183,卖盘
09:50:42,54.04,0.0,15,81058,买盘
09:50:46,54.04,0.0,101,545726,买盘
09:50:48,54.05,0.01,101,545782,买盘
09:50:52,54.03,-0.02,25,135076,卖盘
09:50:55,54.04,0.01,36,194557,卖盘
09:50:57,54.04,0.0,151,815919,卖盘
09:51:00,54.03,-0.01,129,695206,卖盘
09:51:05,54.03,0.0,12,64836,买盘
09:51:07,54.02,-0.01,44,237720,卖盘
09:51:10,54.04,0.02,316,1707435,买盘
09:51:13,54.02,-0.02,140,756320,卖盘
09:51:16,54.04,0.02,105,567242,买盘
09:51:18,54.02,-0.02,1215,6562847,卖盘
09:51:21,54.02,0.0,28,151254,卖盘
09:51:25,54.01,-0.01,71,383482,卖盘
09:51:27,54.02,0.01,124,669741,买盘
09:51:30,54.02,0.0,193,1042498,买盘
09:51:33,54.01,-0.01,763,4120825,卖盘
09:51:37,54.0,-0.01,306,1652430,卖盘
09:51:39,54.0,0.0,224,1209634,卖盘
09:51:43,54.01,0.01,1288,6955238,买盘
09:51:45,54.01,0.0,135,729014,买盘
09:51:49,54.0,-0.01,337,1819878,卖盘
09:51:51,54.0,0.0,445,2403104,卖盘
09:51:55,54.0,0.0,426,2300410,卖盘
09:51:58,54.0,0.0,800,4320010,卖盘
09:52:01,53.99,-0.01,125,674893,卖盘
09:52:05,53.99,0.0,89,480446,卖盘
09:52:07,53.99,0.0,20,107977,买盘
09:52:10,53.99,0.0,33,178141,买盘
09:52:13,53.99,0.0,130,701811,买盘
09:52:16,53.98,-0.01,129,696361,卖盘
09:52:18,53.98,0.0,72,388662,卖盘
09:52:21,53.98,0.0,124,669352,卖盘
09:52:25,53.97,-0.01,60,323821,卖盘
09:52:27,53.96,-0.01,52,280621,卖盘
09:52:30,53.96,0.0,48,259011,卖盘
09:52:33,53.96,0.0,140,755484,卖盘
09:52:36,53.95,-0.01,252,1359811,卖盘
09:52:39,53.95,0.0,131,706857,卖盘
09:52:43,53.95,0.0,275,1483765,卖盘
09:52:45,53.95,0.0,138,744536,卖盘
09:52:49,53.94,-0.01,79,430467,卖盘
09:52:51,53.94,0.0,112,604206,卖盘
09:52:54,53.93,-0.01,204,1099847,卖盘
09:52:57,53.95,0.02,80,431581,买盘
09:53:00,53.93,-0.02,241,1295922,卖盘
09:53:05,53.93,0.0,80,431405,买盘
09:53:07,53.93,0.0,118,636305,买盘
09:53:09,53.93,0.0,91,495685,买盘
09:53:12,53.93,0.0,46,248078,卖盘
09:53:15,53.93,0.0,74,399096,卖盘
09:53:18,53.94,0.01,114,614827,买盘
09:53:21,53.93,-0.01,149,803568,卖盘
09:53:25,53.94,0.01,99,533952,买盘
09:53:28,53.92,-0.02,139,749648,卖盘
09:53:31,53.93,0.01,92,496117,买盘
09:53:34,53.92,-0.01,71,378554,卖盘
09:53:36,53.93,0.01,82,442181,买盘
09:53:39,53.91,-0.02,241,1303788,卖盘
09:53:42,53.92,0.01,41,221068,买盘
09:53:46,53.92,0.0,21,113225,买盘
09:53:48,53.92,0.0,164,884161,买盘
09:53:52,53.91,-0.01,49,264173,卖盘
09:53:54,53.91,0.0,93,501405,卖盘
09:53:58,53.92,0.01,577,3112012,买盘
09:54:01,53.92,0.0,276,1484165,卖盘
09:54:04,53.91,-0.01,318,1714425,卖盘
09:54:07,53.92,0.01,154,830321,中性盘
09:54:09,53.92,0.0,206,1110724,买盘
09:54:13,53.92,0.0,115,620039,卖盘
09:54:16,53.93,0.01,102,549998,买盘
09:54:19,53.92,-0.01,46,248020,卖盘
09:54:21,53.93,0.01,65,350510,中性盘
09:54:24,53.95,0.02,29,156410,买盘
09:54:27,53.93,-0.02,115,620168,卖盘
09:54:31,53.95,0.02,66,355952,买盘
09:54:34,53.93,-0.02,51,275150,卖盘
09:54:37,53.96,0.03,99,533965,买盘
09:54:40,53.93,-0.03,36,194198,卖盘
09:54:43,53.93,0.0,48,258902,卖盘
09:54:46,53.95,0.02,35,188792,买盘
09:54:48,53.96,0.01,198,1068140,买盘
09:54:51,53.94,-0.02,54,291360,卖盘
09:54:55,53.94,0.0,85,458576,卖盘
09:54:57,53.96,0.02,163,879230,中性盘
09:55:01,53.95,-0.01,56,302088,卖盘
09:55:04,53.97,0.02,51,275200,买盘
09:55:07,53.95,-0.02,105,566575,卖盘
09:55:09,53.98,0.03,32,172680,买盘
09:55:12,53.98,0.0,20,107933,买盘
09:55:15,53.97,-0.01,38,205114,卖盘
09:55:18,53.98,0.01,53,286036,买盘
09:55:21,53.98,0.0,151,815074,买盘
09:55:24,53.99,0.01,47,253707,买盘
09:55:27,53.97,-0.02,104,561442,卖盘
09:55:31,53.98,0.01,60,323868,买盘
09:55:33,53.95,-0.03,383,2066870,卖盘
09:55:37,53.97,0.02,91,491178,卖盘
09:55:40,53.97,0.0,72,388531,买盘
09:55:43,53.97,0.0,61,329207,卖盘
09:55:46,53.95,-0.02,90,485650,卖盘
09:55:48,53.96,0.01,57,307543,中性盘
09:55:52,53.98,0.02,62,334599,买盘
09:55:54,53.96,-0.02,111,598928,卖盘
09:55:57,53.95,-0.01,144,776901,卖盘
09:56:00,53.95,0.0,62,337741,卖盘
09:56:05,53.99,0.04,77,415607,买盘
09:56:07,53.99,0.0,51,275204,买盘
09:56:09,53.96,-0.03,46,248220,卖盘
09:56:12,53.99,0.03,65,350776,买盘
09:56:16,53.99,0.0,17,91778,买盘
09:56:18,53.99,0.0,78,421118,买盘
09:56:22,53.99,0.0,26,140376,卖盘
09:56:24,53.99,0.0,85,458919,卖盘
09:56:27,53.99,0.0,108,583100,卖盘
09:56:30,54.0,0.01,29,156595,买盘
09:56:33,53.99,-0.01,33,178171,卖盘
09:56:37,54.0,0.01,15,80981,买盘
09:56:39,54.0,0.0,78,421116,买盘
09:56:43,53.98,-0.02,18,97173,卖盘
09:56:45,53.99,0.01,52,280737,买盘
09:56:49,53.99,0.0,100,539810,买盘
09:56:51,53.99,0.0,37,199752,买盘
09:56:54,53.98,-0.01,73,394138,卖盘
09:56:57,53.97,-0.01,53,286123,卖盘
09:57:00,53.98,0.01,71,383246,卖盘
09:57:05,53.98,0.0,76,410210,买盘
09:57:07,53.98,0.0,76,410266,买盘
09:57:10,53.98,0.0,18,97164,卖盘
09:57:12,53.97,-0.01,152,820486,卖盘
09:57:16,53.98,0.01,180,971728,买盘
09:57:18,53.98,0.0,67,361712,中性盘
09:57:21,53.98,0.0,46,248326,卖盘
09:57:24,53.98,0.0,16,86374,卖盘
09:57:27,53.98,0.0,185,998648,卖盘
09:57:30,53.99,0.01,53,286126,买盘
09:57:34,53.98,-0.01,162,874602,卖盘
09:57:37,53.99,0.01,73,394115,卖盘
09:57:40,53.99,0.0,28,151130,买盘
09:57:43,53.99,0.0,46,248351,中性盘
09:57:46,53.99,0.0,44,237506,卖盘
09:57:48,54.0,0.01,117,631681,买盘
09:57:51,53.99,-0.01,10,53988,中性盘
09:57:55,54.0,0.01,24,129579,买盘
09:57:57,54.0,0.0,31,167377,买盘
09:58:00,54.0,0.0,64,345581,买盘
09:58:04,53.99,-0.01,50,269941,卖盘
09:58:06,53.99,0.0,111,599208,买盘
09:58:09,53.99,0.0,20,107976,买盘
09:58:12,53.99,0.0,39,210548,买盘
09:58:15,53.98,-0.01,51,275319,卖盘
09:58:19,53.99,0.01,41,221346,买盘
09:58:22,53.98,-0.01,96,518228,卖盘
09:58:24,53.98,0.0,13,70181,买盘
09:58:28,53.98,0.0,119,642273,买盘
09:58:30,53.98,0.0,15,80965,买盘
09:58:34,53.99,0.01,72,388664,买盘
09:58:37,53.98,-0.01,30,161948,卖盘
09:58:40,53.98,0.0,79,426441,买盘
09:58:43,53.97,-0.01,16,86360,卖盘
09:58:45,53.99,0.02,52,280750,买盘
09:58:49,53.99,0.0,35,188966,卖盘
09:58:52,54.0,0.01,9,48597,买盘
09:58:55,53.98,-0.02,65,350901,卖盘
09:58:57,54.0,0.02,47,253757,买盘
09:59:01,53.99,-0.01,52,280740,卖盘
09:59:04,53.99,0.0,42,226758,卖盘
09:59:07,53.99,0.0,24,129555,买盘
09:59:10,53.98,-0.01,39,210543,卖盘
09:59:12,53.99,0.01,11,59386,买盘
09:59:16,53.99,0.0,86,464257,买盘
09:59:18,53.99,0.0,54,291517,买盘
09:59:22,53.96,-0.03,219,1181954,卖盘
09:59:24,53.97,0.01,60,323772,买盘
09:59:27,53.97,0.0,142,766265,买盘
09:59:31,53.96,-0.01,34,183481,卖盘
09:59:33,53.96,0.0,337,1818543,卖盘
09:59:37,53.95,-0.01,886,4776854,卖盘
09:59:40,53.95,0.0,138,744420,买盘
09:59:42,53.95,0.0,153,825308,买盘
09:59:46,53.94,-0.01,24,129470,中性盘
09:59:48,53.93,-0.01,19,102474,卖盘
09:59:52,53.93,0.0,39,210330,卖盘
09:59:54,53.93,0.0,126,679539,卖盘
09:59:58,53.93,0.0,192,1035615,卖盘
10:00:00,53.92,-0.01,78,420627,卖盘
10:00:04,53.93,0.01,80,431417,买盘
10:00:06,53.93,0.0,63,339741,卖盘
10:00:09,53.93,0.0,46,248072,买盘
10:00:12,53.93,0.0,91,490682,买盘
10:00:16,53.92,-0.01,39,210311,卖盘
10:00:19,53.92,0.0,134,722565,卖盘
10:00:22,53.92,0.0,153,825092,卖盘
10:00:24,53.93,0.01,29,156390,中性盘
10:00:28,53.92,-0.01,255,1374960,卖盘
10:00:30,53.92,0.0,145,781753,买盘
10:00:34,53.92,0.0,369,1989295,买盘
10:00:37,53.92,0.0,88,474452,买盘
10:00:40,53.9,-0.02,82,442056,卖盘
10:00:43,53.92,0.02,95,512154,买盘
10:00:46,53.9,-0.02,442,2382402,卖盘
10:00:49,53.9,0.0,96,517521,卖盘
10:00:52,53.91,0.01,1022,5508639,卖盘
10:00:55,53.92,0.01,88,474392,买盘
10:00:58,53.9,-0.02,254,1369072,卖盘
10:01:00,53.9,0.0,23,123977,买盘
10:01:04,53.91,0.01,32,172480,买盘
10:01:07,53.9,-0.01,519,2798270,卖盘
10:01:10,53.9,0.0,51,274913,卖盘
10:01:13,53.91,0.01,113,609193,卖盘
10:01:16,53.9,-0.01,259,1395998,卖盘
10:01:18,53.9,0.0,33,177890,卖盘
10:01:21,53.91,0.01,120,646725,买盘
10:01:24,53.9,-0.01,121,652201,中性盘
10:01:28,53.9,0.0,254,1368985,卖盘
10:01:30,53.9,0.0,202,1088675,卖盘
10:01:34,53.92,0.02,772,4159382,买盘
10:01:36,53.91,-0.01,41,221039,中性盘
10:01:40,53.9,-0.01,86,463578,卖盘
10:01:43,53.9,0.0,45,242563,卖盘
10:01:45,53.9,0.0,113,609018,卖盘
10:01:48,53.9,0.0,75,404168,买盘
10:01:51,53.9,0.0,63,339533,买盘
10:01:54,53.89,-0.01,248,1336478,卖盘
10:01:57,53.9,0.01,232,1250394,买盘
10:02:01,53.88,-0.02,136,732878,卖盘
10:02:04,53.9,0.02,68,366426,中性盘
10:02:07,53.89,-0.01,222,1196275,卖盘
10:02:10,53.89,0.0,95,511810,买盘
10:02:12,53.89,0.0,55,296971,买盘
10:02:16,53.89,0.0,42,226304,买盘
10:02:19,53.88,-0.01,76,408877,卖盘
10:02:22,53.87,-0.01,148,797359,卖盘
10:02:25,53.88,0.01,99,533992,买盘
10:02:28,53.89,0.01,140,754224,买盘
10:02:30,53.87,-0.02,109,587248,卖盘
10:02:34,53.87,0.0,61,328630,卖盘
10:02:36,53.88,0.01,89,479489,买盘
10:02:39,53.87,-0.01,96,516118,卖盘
10:02:42,53.87,0.0,70,377047,买盘
10:02:45,53.86,-0.01,47,253188,卖盘
10:02:48,53.86,0.0,273,1470382,卖盘
10:02:52,53.85,-0.01,22,118487,卖盘
10:02:54,53.85,0.0,63,339299,卖盘
10:02:58,53.85,0.0,87,468533,卖盘
10:03:00,53.86,0.01,49,263887,买盘
10:03:04,53.85,-0.01,39,210037,卖盘
10:03:07,53.86,0.01,99,533156,买盘
10:03:10,53.86,0.0,76,409304,买盘
10:03:12,53.86,0.0,50,269297,卖盘
10:03:16,53.87,0.01,73,393179,买盘
10:03:18,53.87,0.0,76,409363,买盘
10:03:21,53.87,0.0,107,576382,买盘
10:03:24,53.87,0.0,50,270374,买盘
10:03:28,53.86,-0.01,189,1018164,卖盘
10:03:30,53.88,0.02,20,107766,卖盘
10:03:34,53.87,-0.01,34,183182,卖盘
10:03:36,53.87,0.0,59,317856,卖盘
10:03:40,53.86,-0.01,96,520325,卖盘
10:03:43,53.87,0.01,100,538672,买盘
10:03:46,53.87,0.0,66,355542,买盘
10:03:48,53.86,-0.01,110,592556,卖盘
10:03:52,53.89,0.03,506,2725987,买盘
10:03:55,53.89,0.0,134,721596,卖盘
10:03:58,53.9,0.01,47,253297,买盘
10:04:01,53.9,0.0,134,722180,买盘
10:04:04,53.9,0.0,181,975539,买盘
10:04:06,53.91,0.01,19,102411,中性盘
10:04:09,53.9,-0.01,44,237162,卖盘
10:04:13,53.91,0.01,28,150955,卖盘
10:04:15,53.9,-0.01,246,1326042,卖盘
10:04:18,53.9,0.0,80,431178,买盘
10:04:21,53.9,0.0,81,436548,买盘
10:04:25,53.89,-0.01,193,1040183,卖盘
10:04:27,53.89,0.0,76,409565,卖盘
10:04:31,53.89,0.0,166,894548,买盘
10:04:34,53.89,0.0,81,436477,买盘
10:04:37,53.89,0.0,60,323338,买盘
10:04:40,53.9,0.01,43,231733,买盘
10:04:42,53.91,0.01,12,64672,买盘
10:04:45,53.89,-0.02,64,344902,卖盘
10:04:49,53.91,0.02,61,328766,买盘
10:04:52,53.9,-0.01,75,404291,卖盘
10:04:54,53.91,0.01,69,371979,买盘
10:04:58,53.91,0.0,5,26956,卖盘
10:05:00,53.92,0.01,42,226464,买盘
10:05:04,53.91,-0.01,14,75480,卖盘
10:05:06,53.92,0.01,73,393590,买盘
10:05:10,53.92,0.0,105,566112,买盘
10:05:12,53.92,0.0,163,878865,买盘
10:05:15,53.92,0.0,66,355910,卖盘
10:05:19,53.93,0.01,68,366710,买盘
10:05:21,53.95,0.02,439,2367978,买盘
10:05:25,53.93,-0.02,329,1773285,卖盘
10:05:27,53.99,0.06,678,3661020,卖盘
10:05:31,54.0,0.01,19,102600,买盘
10:05:34,54.01,0.01,129,696723,买盘
10:05:36,54.01,0.0,15,81016,卖盘
10:05:39,54.0,-0.01,216,1166355,卖盘
10:05:43,53.95,-0.05,132,712712,卖盘
10:05:45,53.95,0.0,38,205128,卖盘
10:05:48,53.95,0.0,48,259133,卖盘
10:05:51,53.98,0.03,145,782364,卖盘
10:05:54,53.97,-0.01,9,48563,中性盘
10:05:57,53.97,0.0,64,345333,买盘
10:06:00,53.95,-0.02,56,302260,卖盘
10:06:04,54.0,0.05,157,847257,买盘
10:06:07,53.97,-0.03,31,167347,卖盘
10:06:10,54.0,0.03,9,48593,买盘
10:06:13,53.96,-0.04,57,307641,卖盘
10:06:16,54.0,0.04,17,91801,中性盘
10:06:18,53.97,-0.03,16,86368,卖盘
10:06:21,53.98,0.01,29,156536,卖盘
10:06:24,53.98,0.0,62,334656,买盘
10:06:28,54.0,0.02,182,982367,买盘
10:06:31,53.98,-0.02,55,296992,卖盘
10:06:33,54.0,0.02,77,415800,买盘
10:06:36,54.01,0.01,174,939608,买盘
10:06:40,54.01,0.0,41,221441,卖盘
10:06:43,54.01,0.0,43,232275,卖盘
10:06:46,54.02,0.01,21,113432,买盘
10:06:49,54.02,0.0,18,97230,买盘
10:06:52,54.03,0.01,39,210679,买盘
10:06:54,54.02,-0.01,4,21609,卖盘
10:06:58,54.02,0.0,153,826676,卖盘
10:07:00,54.02,0.0,102,551010,卖盘
10:07:04,54.04,0.02,13,70248,买盘
10:07:07,54.04,0.0,45,243142,买盘
10:07:10,54.03,-0.01,25,135085,卖盘
10:07:12,54.05,0.02,64,345920,买盘
10:07:16,54.06,0.01,56,302628,买盘
10:07:18,54.06,0.0,13,70267,买盘
10:07:22,54.06,0.0,33,178393,买盘
10:07:24,54.07,0.01,19,102715,买盘
10:07:28,54.06,-0.01,98,529789,卖盘
10:07:30,54.07,0.01,35,189230,买盘
10:07:36,54.08,0.01,196,1062279,买盘
10:07:39,54.08,0.0,19,102752,卖盘
10:07:42,54.07,-0.01,150,811114,卖盘
10:07:45,54.08,0.01,74,400334,中性盘
10:07:49,54.09,0.01,18,97362,买盘
10:07:52,54.09,0.0,92,497620,买盘
10:07:54,54.1,0.01,32,173091,买盘
10:07:58,54.09,-0.01,22,119016,卖盘
10:08:01,54.1,0.01,28,151475,买盘
10:08:05,54.11,0.01,44,238046,买盘
10:08:07,54.09,-0.02,175,946604,卖盘
10:08:10,54.11,0.02,43,232613,买盘
10:08:12,54.12,0.01,30,162333,买盘
10:08:16,54.11,-0.01,81,438340,卖盘
10:08:18,54.08,-0.03,251,1357740,卖盘
10:08:22,54.1,0.02,25,135287,中性盘
10:08:24,54.09,-0.01,290,1569086,卖盘
10:08:27,54.09,0.0,48,259650,卖盘
10:08:31,54.1,0.01,59,319144,买盘
10:08:33,54.09,-0.01,13,70326,卖盘
10:08:37,54.09,0.0,45,243443,卖盘
10:08:40,54.1,0.01,17,91967,买盘
10:08:43,54.09,-0.01,57,308353,卖盘
10:08:46,54.1,0.01,63,340822,买盘
10:08:48,54.1,0.0,128,692464,买盘
10:08:51,54.1,0.0,30,162300,卖盘
10:08:55,54.1,0.0,5,27052,卖盘
10:08:57,54.12,0.02,24,129858,买盘
10:09:01,54.12,0.0,29,156948,买盘
10:09:04,54.12,0.0,16,86592,买盘
10:09:07,54.12,0.0,44,238127,买盘
10:09:10,54.13,0.01,14,75772,买盘
10:09:13,54.12,-0.01,6,32473,卖盘
10:09:16,54.13,0.01,16,86601,买盘
10:09:19,54.13,0.0,65,351840,买盘
10:09:21,54.13,0.0,38,205694,买盘
10:09:24,54.13,0.0,11,59543,买盘
10:09:28,54.13,0.0,158,855264,卖盘
10:09:30,54.14,0.01,192,1039352,买盘
10:09:34,54.13,-0.01,485,2625300,卖盘
10:09:36,54.1,-0.03,120,649375,卖盘
10:09:40,54.12,0.02,8,43293,买盘
10:09:42,54.12,0.0,2,10824,中性盘
10:09:46,54.13,0.01,575,3112403,买盘
10:09:48,54.13,0.0,13,70369,卖盘
10:09:51,54.13,0.0,118,639008,卖盘
10:09:54,54.14,0.01,10,54140,中性盘
10:09:57,54.15,0.01,43,232839,中性盘
10:10:00,54.18,0.03,53,287133,买盘
10:10:07,54.15,-0.03,9,48751,卖盘
10:10:09,54.15,0.0,15,81240,卖盘
10:10:13,54.18,0.03,12,65001,买盘
10:10:16,54.18,0.0,82,444231,买盘
10:10:19,54.19,0.01,126,682746,买盘
10:10:22,54.2,0.01,333,1804299,买盘
10:10:25,54.2,0.0,106,574021,买盘
10:10:27,54.16,-0.04,64,346670,卖盘
10:10:30,54.2,0.04,146,791121,买盘
10:10:34,54.19,-0.01,38,205933,卖盘
10:10:37,54.19,0.0,12,65029,卖盘
10:10:40,54.2,0.01,79,428177,买盘
10:10:42,54.19,-0.01,74,401052,卖盘
10:10:46,54.2,0.01,126,682738,买盘
10:10:49,54.19,-0.01,65,352232,中性盘
10:10:51,54.19,0.0,20,108374,买盘
10:10:54,54.18,-0.01,25,135461,卖盘
10:10:58,54.18,0.0,9,48765,卖盘
10:11:01,54.18,0.0,23,124624,卖盘
10:11:04,54.19,0.01,29,157153,买盘
10:11:06,54.18,-0.01,144,780261,卖盘
10:11:09,54.17,-0.01,39,211276,卖盘
10:11:12,54.17,0.0,25,135438,卖盘
10:11:15,54.17,0.0,22,119173,买盘
10:11:18,54.17,0.0,10,54168,买盘
10:11:21,54.17,0.0,26,140823,买盘
10:11:24,54.16,-0.01,19,102921,卖盘
10:11:27,54.15,-0.01,11,59573,卖盘
10:11:31,54.16,0.01,10,54160,买盘
10:11:33,54.16,0.0,27,146211,买盘
10:11:37,54.16,0.0,20,108318,买盘
10:11:40,54.15,-0.01,31,167871,卖盘
10:11:42,54.15,0.0,10,54152,卖盘
10:11:46,54.16,0.01,51,276207,买盘
10:11:48,54.15,-0.01,91,492747,卖盘
10:11:51,54.16,0.01,188,1017780,买盘
10:11:55,54.15,-0.01,24,129960,卖盘
10:11:57,54.15,0.0,9,48735,买盘
10:12:00,54.15,0.0,12,64974,买盘
10:12:05,54.15,0.0,56,303221,买盘
10:12:06,54.13,-0.02,14,75789,卖盘
10:12:10,54.13,0.0,37,200290,卖盘
10:12:13,54.13,0.0,11,59560,卖盘
10:12:16,54.14,0.01,3,16243,中性盘
10:12:19,54.13,-0.01,32,173217,卖盘
10:12:21,54.13,0.0,1,5413,卖盘
10:12:25,54.13,0.0,9,48719,卖盘
10:12:27,54.13,0.0,111,600900,卖盘
10:12:30,54.13,0.0,117,633268,买盘
10:12:34,54.13,0.0,7,37889,买盘
10:12:36,54.13,0.0,80,433040,买盘
10:12:39,54.13,0.0,7,37891,卖盘
10:12:43,54.13,0.0,16,86609,卖盘
10:12:46,54.13,0.0,15,78496,卖盘
10:12:49,54.13,0.0,254,1374983,卖盘
10:12:52,54.14,0.01,3,16242,卖盘
10:12:55,54.15,0.01,20,108300,买盘
10:12:58,54.15,0.0,3,16244,买盘
10:13:01,54.14,-0.01,16,86626,卖盘
10:13:04,54.14,0.0,12,64975,卖盘
10:13:07,54.15,0.01,81,438560,买盘
10:13:10,54.15,0.0,25,135374,买盘
10:13:13,54.15,0.0,77,416970,买盘
10:13:15,54.14,-0.01,2,10829,卖盘
10:13:18,54.15,0.01,14,75810,买盘
10:13:21,54.15,0.0,2,10830,买盘
10:13:25,54.15,0.0,47,254493,买盘
10:13:27,54.15,0.0,19,102881,买盘
10:13:30,54.14,-0.01,133,720096,卖盘
10:13:34,54.15,0.01,12,64982,买盘
10:13:36,54.15,0.0,9,48735,卖盘
10:13:39,54.15,0.0,21,113722,卖盘
10:13:42,54.16,0.01,25,135377,买盘
10:13:45,54.15,-0.01,67,362806,卖盘
10:13:49,54.16,0.01,5,27077,买盘
10:13:52,54.16,0.0,47,254541,买盘
10:13:55,54.15,-0.01,278,1505466,卖盘
10:13:58,54.16,0.01,17,92062,买盘
10:14:00,54.16,0.0,54,292450,买盘
10:14:04,54.15,-0.01,49,265359,卖盘
10:14:07,54.15,0.0,77,416987,卖盘
10:14:10,54.15,0.0,4,21661,卖盘
10:14:13,54.16,0.01,7,37912,卖盘
10:14:15,54.16,0.0,2,10832,卖盘
10:14:18,54.16,0.0,35,189593,卖盘
10:14:22,54.18,0.02,80,433346,买盘
10:14:25,54.15,-0.03,18,97477,卖盘
10:14:27,54.17,0.02,1,5417,中性盘
10:14:31,54.16,-0.01,87,471349,卖盘
10:14:33,54.18,0.02,9,48755,买盘
10:14:36,54.18,0.0,23,124600,买盘
10:14:39,54.17,-0.01,6,32504,卖盘
10:14:43,54.17,0.0,34,184175,卖盘
10:14:45,54.17,0.0,11,59587,买盘
10:14:49,54.17,0.0,35,189595,买盘
10:14:52,54.18,0.01,263,1424894,买盘
10:14:54,54.18,0.0,83,449682,卖盘
10:14:58,54.17,-0.01,41,222085,卖盘
10:15:00,54.18,0.01,17,92102,买盘
10:15:04,54.17,-0.01,12,65006,卖盘
10:15:07,54.18,0.01,47,254604,买盘
10:15:10,54.18,0.0,54,292572,卖盘
10:15:12,54.2,0.02,117,634107,买盘
10:15:15,54.2,0.0,32,173436,买盘
10:15:18,54.18,-0.02,6,32509,卖盘
10:15:22,54.18,0.0,134,726116,卖盘
10:15:24,54.2,0.02,214,1159379,买盘
10:15:28,54.2,0.0,7,37940,买盘
10:15:30,54.18,-0.02,60,325096,卖盘
10:15:33,54.2,0.02,137,742288,买盘
10:15:36,54.19,-0.01,5,27096,中性盘
10:15:39,54.2,0.01,61,330511,买盘
10:15:43,54.19,-0.01,22,119218,卖盘
10:15:45,54.2,0.01,136,737061,买盘
10:15:49,54.19,-0.01,55,298017,中性盘
10:15:51,54.18,-0.01,16,86693,卖盘
10:15:55,54.2,0.02,87,472300,买盘
10:15:57,54.2,0.0,6,32524,卖盘
10:16:00,54.21,0.01,18,97570,买盘
10:16:04,54.21,0.0,26,140923,买盘
10:16:06,54.2,-0.01,57,308126,卖盘
10:16:09,54.19,-0.01,54,296224,卖盘
10:16:12,54.2,0.01,17,92142,中性盘
10:16:16,54.21,0.01,22,119251,买盘
10:16:19,54.21,0.0,52,281864,买盘
10:16:22,54.21,0.0,37,200554,买盘
10:16:24,54.21,0.0,72,390271,买盘
10:16:28,54.21,0.0,32,173460,买盘
10:16:30,54.21,0.0,84,455317,买盘
10:16:34,54.21,0.0,31,168051,卖盘
10:16:36,54.23,0.02,82,444614,买盘
10:16:40,54.22,-0.01,8,43369,中性盘
10:16:43,54.22,0.0,6,32536,卖盘
10:16:45,54.22,0.0,26,140984,卖盘
10:16:48,54.23,0.01,20,108446,买盘
10:16:52,54.23,0.0,42,227793,买盘
10:16:54,54.24,0.01,64,347027,买盘
10:16:58,54.23,-0.01,16,86769,卖盘
10:17:00,54.24,0.01,40,216924,买盘
10:17:04,54.23,-0.01,219,1187584,卖盘
10:17:06,54.2,-0.03,105,569280,卖盘
10:17:09,54.23,0.03,70,379527,中性盘
10:17:13,54.23,0.0,26,140970,买盘
10:17:16,54.23,0.0,16,86768,买盘
10:17:18,54.23,0.0,139,753537,买盘
10:17:21,54.23,0.0,31,168113,买盘
10:17:25,54.2,-0.03,24,130141,卖盘
10:17:27,54.24,0.04,16,86784,买盘
10:17:31,54.24,0.0,30,162720,卖盘
10:17:33,54.23,-0.01,30,162700,卖盘
10:17:37,54.24,0.01,7,37967,买盘
10:17:40,54.24,0.0,21,113897,买盘
10:17:42,54.24,0.0,29,157280,买盘
10:17:46,54.24,0.0,49,264379,买盘
10:17:48,54.24,0.0,5,27109,买盘
10:17:52,54.24,0.0,34,184369,买盘
10:17:54,54.24,0.0,20,108464,买盘
10:17:58,54.24,0.0,29,157284,买盘
10:18:01,54.23,-0.01,17,92199,卖盘
10:18:04,54.22,-0.01,7,37954,卖盘
10:18:07,54.22,0.0,14,75908,买盘
10:18:10,54.22,0.0,6,32527,买盘
10:18:13,54.22,0.0,36,195172,买盘
10:18:15,54.21,-0.01,23,124693,卖盘
10:18:18,54.22,0.01,13,70486,买盘
10:18:21,54.22,0.0,63,341541,买盘
10:18:24,54.21,-0.01,42,227714,卖盘
10:18:27,54.21,0.0,137,742695,卖盘
10:18:31,54.23,0.02,33,178951,买盘
10:18:33,54.24,0.01,18,97628,买盘
10:18:36,54.23,-0.01,5,27115,卖盘
10:18:40,54.24,0.01,27,146437,买盘
10:18:42,54.23,-0.01,10,54230,卖盘
10:18:46,54.22,-0.01,13,70498,卖盘
10:18:49,54.22,0.0,13,70490,卖盘
10:18:52,54.23,0.01,34,184382,买盘
10:18:54,54.22,-0.01,5,27111,卖盘
10:18:57,54.22,0.0,49,265718,卖盘
10:19:00,54.23,0.01,102,553049,买盘
10:19:04,54.23,0.0,61,330732,买盘
10:19:06,54.25,0.02,579,3140449,买盘
10:19:09,54.25,0.0,289,1567911,卖盘
10:19:16,54.26,0.01,46,249585,买盘
10:19:18,54.26,0.0,2,10855,卖盘
10:19:22,54.26,0.0,49,265819,卖盘
10:19:24,54.26,0.0,10,54278,卖盘
10:19:27,54.3,0.04,358,1943629,买盘
10:19:30,54.3,0.0,27,146619,卖盘
10:19:34,54.32,0.02,19,103205,买盘
10:19:36,54.31,-0.01,44,238986,卖盘
10:19:40,54.32,0.01,14,76041,中性盘
10:19:42,54.31,-0.01,12,65179,卖盘
10:19:46,54.31,0.0,140,760295,买盘
10:19:49,54.31,0.0,65,352957,买盘
10:19:51,54.3,-0.01,115,624476,卖盘
10:19:54,54.3,0.0,76,412660,买盘
10:19:58,54.3,0.0,59,320372,买盘
10:20:00,54.3,0.0,29,157468,买盘
10:20:04,54.31,0.01,104,564788,买盘
10:20:07,54.31,0.0,62,336696,买盘
10:20:09,54.28,-0.03,224,1216210,卖盘
10:20:12,54.22,-0.06,272,1475909,卖盘
10:20:15,54.3,0.08,32,173692,买盘
10:20:19,54.21,-0.09,60,325283,卖盘
10:20:22,54.28,0.07,9,48860,中性盘
10:20:24,54.3,0.02,4,21718,买盘
10:20:27,54.3,0.0,5,27148,买盘
10:20:31,54.3,0.0,93,504981,买盘
10:20:34,54.3,0.0,1,5430,买盘
10:20:37,54.28,-0.02,49,266033,卖盘
10:20:40,54.29,0.01,28,152011,买盘
10:20:42,54.3,0.01,57,309499,买盘
10:20:45,54.3,0.0,57,309478,买盘
10:20:49,54.3,0.0,13,70596,卖盘
10:20:52,54.3,0.0,6,32585,卖盘
10:20:55,54.3,0.0,13,70600,卖盘
10:20:58,54.31,0.01,24,130350,中性盘
10:21:01,54.32,0.01,52,282464,买盘
10:21:04,54.34,0.02,31,168396,买盘
10:21:06,54.34,0.0,64,347879,买盘
10:21:10,54.34,0.0,31,168535,卖盘
10:21:13,54.35,0.01,107,581456,中性盘
10:21:15,54.31,-0.04,82,445498,卖盘
10:21:19,54.35,0.04,21,114135,买盘
10:21:21,54.35,0.0,51,277185,买盘
10:21:25,54.35,0.0,39,211965,买盘
10:21:27,54.35,0.0,61,331535,买盘
10:21:31,54.37,0.02,8,43493,买盘
10:21:34,54.36,-0.01,33,179384,卖盘
10:21:36,54.37,0.01,60,326172,买盘
10:21:39,54.38,0.01,63,342574,买盘
10:21:42,54.38,0.0,38,206582,买盘
10:21:45,54.38,0.0,39,212053,买盘
10:21:48,54.37,-0.01,33,179431,卖盘
10:21:52,54.39,0.02,79,429645,买盘
10:21:54,54.39,0.0,39,212122,卖盘
10:21:58,54.4,0.01,117,636197,买盘
10:22:00,54.36,-0.04,38,206696,卖盘
10:22:04,54.4,0.04,159,864957,买盘
10:22:07,54.4,0.0,314,1708170,卖盘
10:22:10,54.41,0.01,38,206723,买盘
10:22:13,54.4,-0.01,236,1284636,卖盘
10:22:15,54.4,0.0,71,386257,卖盘
10:22:18,54.41,0.01,385,2094558,中性盘
10:22:21,54.41,0.0,22,119702,卖盘
10:22:25,54.4,-0.01,110,598529,卖盘
10:22:27,54.4,0.0,63,342742,卖盘
10:22:31,54.39,-0.01,53,288278,卖盘
10:22:33,54.36,-0.03,187,1017116,卖盘
10:22:36,54.4,0.04,188,1022168,买盘
10:22:40,54.36,-0.04,18,97825,中性盘
10:22:43,54.34,-0.02,133,722856,买盘
10:22:45,54.32,-0.02,10,54334,卖盘
10:22:49,54.34,0.02,70,380574,买盘
10:22:51,54.34,0.0,8,43472,卖盘
10:22:55,54.34,0.0,12,65220,卖盘
10:22:58,54.34,0.0,54,293644,卖盘
10:23:00,54.34,0.0,16,86955,卖盘
10:23:04,54.36,0.02,11,59792,买盘
10:23:07,54.34,-0.02,345,1874238,卖盘
10:23:09,54.31,-0.03,146,793121,卖盘
10:23:13,54.33,0.02,8,43470,卖盘
10:23:15,54.35,0.02,12,65211,买盘
10:23:18,54.36,0.01,60,326148,买盘
10:23:22,54.36,0.0,24,130466,卖盘
10:23:25,54.32,-0.04,45,244565,卖盘
10:23:27,54.32,0.0,48,260725,买盘
10:23:30,54.31,-0.01,6,32589,卖盘
10:23:34,54.32,0.01,15,81476,买盘
10:23:37,54.31,-0.01,38,206390,卖盘
10:23:39,54.31,0.0,24,130346,卖盘
10:23:43,54.32,0.01,13,70608,买盘
10:23:45,54.31,-0.01,26,141216,卖盘
10:23:48,54.31,0.0,350,1901179,卖盘
10:23:51,54.31,0.0,122,662520,卖盘
10:23:54,54.3,-0.01,67,363886,卖盘
10:23:57,54.32,0.02,39,211834,买盘
10:24:00,54.32,0.0,14,76048,卖盘
10:24:05,54.32,0.0,16,86904,卖盘
10:24:07,54.33,0.01,65,353072,买盘
10:24:10,54.33,0.0,48,260692,买盘
10:24:12,54.32,-0.01,3,16296,中性盘
10:24:16,54.32,0.0,8,43460,卖盘
10:24:19,54.32,0.0,6,32594,卖盘
10:24:22,54.32,0.0,3,16298,卖盘
10:24:25,54.32,0.0,22,119504,卖盘
10:24:27,54.32,0.0,11,59752,买盘
10:24:31,54.32,0.0,10,54319,买盘
10:24:33,54.32,0.0,24,130371,买盘
10:24:36,54.32,0.0,2,10864,卖盘
10:24:40,54.32,0.0,5,27160,卖盘
10:24:46,54.32,0.0,7,38025,卖盘
10:24:48,54.33,0.01,17,92725,买盘
10:24:51,54.33,0.0,26,140692,买盘
10:24:55,54.33,0.0,102,554937,买盘
10:24:57,54.32,-0.01,69,370860,卖盘
10:25:00,54.33,0.01,51,277239,买盘
10:25:04,54.33,0.0,30,164584,买盘
10:25:06,54.31,-0.02,78,425140,卖盘
10:25:10,54.32,0.01,230,1247102,买盘
10:25:12,54.32,0.0,41,226126,买盘
10:25:15,54.33,0.01,122,662683,买盘
10:25:18,54.33,0.0,22,119504,买盘
10:25:21,54.3,-0.03,129,700779,卖盘
10:25:24,54.28,-0.02,65,351370,卖盘
10:25:28,54.3,0.02,30,162854,买盘
10:25:31,54.28,-0.02,37,202366,卖盘
10:25:33,54.28,0.0,24,130267,买盘
10:25:36,54.27,-0.01,23,124828,卖盘
10:25:40,54.35,0.08,244,1322309,买盘
10:25:42,54.35,0.0,141,766335,卖盘
10:25:45,54.35,0.0,16,86963,卖盘
10:25:48,54.35,0.0,16,86964,卖盘
10:25:52,54.35,0.0,18,97830,卖盘
10:25:55,54.35,0.0,48,260891,卖盘
10:25:58,54.37,0.02,35,190261,买盘
10:26:01,54.35,-0.02,21,114161,卖盘
10:26:04,54.37,0.02,207,1125048,买盘
10:26:07,54.35,-0.02,38,206535,卖盘
10:26:09,54.36,0.01,11,59789,买盘
10:26:12,54.35,-0.01,25,135877,卖盘
10:26:16,54.36,0.01,30,163057,买盘
10:26:18,54.35,-0.01,55,298980,卖盘
10:26:22,54.3,-0.05,92,503103,卖盘
10:26:24,54.36,0.06,31,168366,买盘
10:26:28,54.35,-0.01,7,38030,买盘
10:26:31,54.35,0.0,55,298925,买盘
10:26:33,54.3,-0.05,19,103190,卖盘
10:26:36,54.35,0.05,29,157620,买盘
10:26:39,54.35,0.0,8,43451,买盘
10:26:42,54.3,-0.05,26,141290,中性盘
10:26:45,54.35,0.05,146,792342,买盘
10:26:48,54.35,0.0,92,500020,卖盘
10:26:51,54.35,0.0,17,92395,卖盘
10:26:54,54.35,0.0,55,298926,卖盘
10:26:57,54.35,0.0,60,326105,卖盘
10:27:01,54.35,0.0,19,103275,卖盘
10:27:04,54.35,0.0,22,119570,卖盘
10:27:07,54.36,0.01,13,70661,买盘
10:27:09,54.36,0.0,62,336985,买盘
10:27:13,54.35,-0.01,79,429365,卖盘
10:27:15,54.35,0.0,93,505483,卖盘
10:27:19,54.35,0.0,30,163060,卖盘
10:27:22,54.35,0.0,70,380450,卖盘
10:27:25,54.35,0.0,116,630462,卖盘
10:27:28,54.35,0.0,45,244585,卖盘
10:27:30,54.35,0.0,36,196697,卖盘
10:27:33,54.33,-0.02,11,59763,卖盘
10:27:37,54.33,0.0,27,146659,买盘
10:27:40,54.33,0.0,48,260716,买盘
10:27:42,54.36,0.03,253,1374957,买盘
10:27:46,54.36,0.0,22,119592,卖盘
10:27:48,54.36,0.0,18,97848,卖盘
10:27:52,54.36,0.0,124,674099,卖盘
10:27:54,54.37,0.01,92,500179,中性盘
10:27:57,54.36,-0.01,9,48925,卖盘
10:28:00,54.36,0.0,24,130464,卖盘
10:28:04,54.37,0.01,34,184855,买盘
10:28:07,54.36,-0.01,8,43488,卖盘
10:28:09,54.36,0.0,23,125034,卖盘
10:28:12,54.36,0.0,74,402537,卖盘
10:28:16,54.36,0.0,20,108679,买盘
10:28:18,54.36,0.0,4,21742,买盘
10:28:22,54.35,-0.01,2,10870,买盘
10:28:24,54.35,0.0,21,114145,买盘
10:28:27,54.34,-0.01,24,130431,卖盘
10:28:31,54.37,0.03,153,831539,买盘
10:28:34,54.37,0.0,27,146799,卖盘
10:28:37,54.37,0.0,17,92430,卖盘
10:28:39,54.37,0.0,29,157696,卖盘
10:28:43,54.38,0.01,31,168564,买盘
10:28:45,54.37,-0.01,2,10875,卖盘
10:28:49,54.38,0.01,49,266454,买盘
10:28:51,54.37,-0.01,87,473088,卖盘
10:28:55,54.38,0.01,402,2185829,中性盘
10:28:57,54.39,0.01,209,1136218,买盘
10:29:00,54.39,0.0,20,108774,买盘
10:29:04,54.38,-0.01,15,81571,买盘
10:29:07,54.38,0.0,21,114182,卖盘
10:29:09,54.39,0.01,68,369852,买盘
10:29:12,54.37,-0.02,137,744990,卖盘
10:29:15,54.33,-0.04,76,412970,卖盘
10:29:18,54.35,0.02,72,391208,中性盘
10:29:21,54.36,0.01,11,59795,买盘
10:29:24,54.35,-0.01,39,211958,卖盘
10:29:30,54.35,0.0,7,38033,买盘
10:29:33,54.33,-0.02,9,48909,卖盘
10:29:36,54.33,0.0,103,559911,卖盘
10:29:39,54.33,0.0,17,92361,卖盘
10:29:42,54.33,0.0,27,144626,卖盘
10:29:45,54.33,0.0,11,59763,卖盘
10:29:48,54.32,-0.01,12,67421,买盘
10:29:51,54.33,0.01,1,5433,买盘
10:29:54,54.31,-0.02,19,103191,卖盘
10:29:57,54.31,0.0,6,32586,卖盘
10:30:01,54.31,0.0,14,76034,卖盘
10:30:04,54.31,0.0,26,141206,卖盘
10:30:07,54.3,-0.01,14,76033,卖盘
10:30:09,54.31,0.01,15,81465,买盘
10:30:15,54.31,0.0,130,705926,买盘
10:30:19,54.3,-0.01,59,320373,卖盘
10:30:22,54.29,-0.01,4,21716,卖盘
10:30:24,54.29,0.0,12,65153,卖盘
10:30:28,54.29,0.0,215,1167244,卖盘
10:30:30,54.29,0.0,73,396317,卖盘
10:30:33,54.29,0.0,292,1585321,卖盘
10:30:36,54.29,0.0,254,1378969,卖盘
10:30:40,54.29,0.0,74,401748,卖盘
10:30:43,54.29,0.0,67,363745,卖盘
10:30:45,54.29,0.0,79,429001,卖盘
10:30:49,54.29,0.0,76,412438,卖盘
10:30:51,54.28,-0.01,21,113995,卖盘
10:30:54,54.27,-0.01,26,141125,卖盘
10:30:57,54.27,0.0,19,103113,卖盘
10:31:01,54.28,0.01,37,200794,买盘
10:31:04,54.26,-0.02,33,179100,卖盘
10:31:06,54.25,-0.01,9,46126,卖盘
10:31:09,54.26,0.01,27,146518,买盘
10:31:12,54.26,0.0,43,233320,卖盘
10:31:16,54.26,0.0,14,75964,买盘
10:31:18,54.25,-0.01,65,352688,卖盘
10:31:21,54.26,0.01,63,341789,买盘
10:31:25,54.26,0.0,22,119369,卖盘
10:31:27,54.25,-0.01,30,162756,卖盘
10:31:30,54.24,-0.01,38,206140,卖盘
10:31:36,54.24,0.0,59,322730,卖盘
10:31:40,54.24,0.0,107,580450,买盘
10:31:43,54.23,-0.01,4,21692,卖盘
10:31:46,54.25,0.02,136,737786,买盘
10:31:49,54.23,-0.02,25,135613,卖盘
10:31:51,54.24,0.01,4,21699,中性盘
10:31:55,54.25,0.01,3,16273,买盘
10:31:57,54.23,-0.02,12,65090,卖盘
10:32:01,54.23,0.0,21,113905,卖盘
10:32:07,54.23,0.0,17,92192,卖盘
10:32:09,54.23,0.0,34,184395,卖盘
10:32:13,54.23,0.0,10,54230,卖盘
10:32:16,54.24,0.01,22,119310,买盘
10:32:18,54.24,0.0,2,10848,买盘
10:32:22,54.23,-0.01,19,103037,买盘
10:32:25,54.25,0.02,406,2202438,买盘
10:32:27,54.2,-0.05,473,2564506,卖盘
10:32:31,54.25,0.05,171,926895,买盘
10:32:34,54.25,0.0,53,287527,买盘
10:32:36,54.2,-0.05,197,1063753,卖盘
10:32:40,54.2,0.0,38,205960,买盘
10:32:43,54.2,0.0,1,5420,买盘
10:32:45,54.2,0.0,21,113820,买盘
10:32:49,54.2,0.0,43,237091,卖盘
10:32:51,54.2,0.0,2,10840,卖盘
10:32:55,54.2,0.0,11,59620,卖盘
10:32:57,54.2,0.0,4,21680,卖盘
10:33:01,54.2,0.0,3,16264,卖盘
10:33:04,54.22,0.02,27,146339,买盘
10:33:06,54.2,-0.02,13,70459,买盘
10:33:09,54.22,0.02,16,86722,买盘
10:33:13,54.2,-0.02,28,151796,卖盘
10:33:16,54.2,0.0,4,21686,卖盘
10:33:19,54.2,0.0,12,65040,卖盘
10:33:21,54.2,0.0,36,195120,买盘
10:33:24,54.2,0.0,23,124658,买盘
10:33:27,54.2,0.0,11,59625,卖盘
10:33:31,54.2,0.0,36,195143,卖盘
10:33:33,54.19,-0.01,4,21679,卖盘
10:33:36,54.2,0.01,51,276402,买盘
10:33:39,54.2,0.0,9,48774,买盘
10:33:42,54.19,-0.01,36,191025,卖盘
10:33:45,54.19,0.0,94,512342,卖盘
10:33:48,54.19,0.0,4,21676,卖盘
10:33:51,54.2,0.01,22,119220,买盘
10:33:54,54.2,0.0,28,151739,买盘
10:33:57,54.19,-0.01,19,99926,卖盘
10:34:01,54.19,0.0,416,2254694,卖盘
10:34:04,54.18,-0.01,244,1322216,卖盘
10:34:07,54.2,0.02,504,2733469,买盘
10:34:10,54.22,0.02,231,1252079,买盘
10:34:13,54.2,-0.02,73,395662,卖盘
10:34:15,54.2,0.0,30,160811,卖盘
10:34:19,54.23,0.03,26,142715,买盘
10:34:21,54.2,-0.03,8,43374,卖盘
10:34:24,54.2,0.0,4,21680,卖盘
10:34:28,54.22,0.02,21,113849,中性盘
10:34:31,54.22,0.0,18,97573,卖盘
10:34:34,54.23,0.01,17,92191,买盘
10:34:37,54.21,-0.02,97,525910,卖盘
10:34:39,54.21,0.0,23,124665,买盘
10:34:42,54.21,0.0,66,357735,买盘
10:34:45,54.21,0.0,38,205998,买盘
10:34:49,54.21,0.0,32,173470,买盘
10:34:52,54.21,0.0,58,314380,买盘
10:34:55,54.2,-0.01,11,59629,卖盘
10:34:57,54.24,0.04,53,287314,买盘
10:35:01,54.23,-0.01,3,16269,卖盘
10:35:04,54.24,0.01,5,27118,买盘
10:35:06,54.21,-0.03,11,59646,卖盘
10:35:09,54.21,0.0,15,81357,卖盘
10:35:12,54.23,0.02,4,21694,中性盘
10:35:15,54.21,-0.02,4,21692,卖盘
10:35:19,54.23,0.02,4,21693,买盘
10:35:22,54.21,-0.02,54,292739,卖盘
10:35:24,54.21,0.0,133,721001,卖盘
10:35:27,54.24,0.03,15,81358,买盘
10:35:30,54.21,-0.03,49,265676,卖盘
10:35:34,54.21,0.0,87,471553,买盘
10:35:37,54.2,-0.01,60,325203,卖盘
10:35:39,54.23,0.03,6,32535,买盘
10:35:42,54.2,-0.03,80,433614,卖盘
10:35:46,54.21,0.01,1,5421,卖盘
10:35:49,54.21,0.0,3,16264,卖盘
10:35:52,54.21,0.0,8,43369,卖盘
10:35:55,54.22,0.01,12,65060,买盘
10:35:57,54.21,-0.01,16,86739,卖盘
10:36:00,54.22,0.01,6,32532,买盘
10:36:05,54.22,0.0,12,65054,买盘
10:36:06,54.2,-0.02,72,390358,卖盘
10:36:10,54.23,0.03,4,21692,买盘
10:36:12,54.21,-0.02,39,211410,卖盘
10:36:15,54.21,0.0,11,59631,买盘
10:36:18,54.21,0.0,3,16263,买盘
10:36:21,54.21,0.0,36,195126,买盘
10:36:25,54.2,-0.01,17,92154,卖盘
10:36:27,54.2,0.0,35,189725,卖盘
10:36:30,54.22,0.02,21,113851,买盘
10:36:34,54.22,0.0,28,151816,卖盘
10:36:37,54.21,-0.01,9,48794,卖盘
10:36:40,54.21,0.0,9,48790,卖盘
10:36:43,54.22,0.01,7,37954,买盘
10:36:45,54.22,0.0,11,59637,买盘
10:36:48,54.22,0.0,29,157227,买盘
10:36:51,54.22,0.0,66,357851,买盘
10:36:55,54.21,-0.01,25,135545,卖盘
10:36:57,54.22,0.01,96,520512,买盘
10:37:00,54.22,0.0,17,92174,卖盘
10:37:04,54.23,0.01,5,27111,买盘
10:37:06,54.22,-0.01,3,16268,卖盘
10:37:09,54.23,0.01,3,16269,买盘
10:37:12,54.23,0.0,46,249458,买盘
10:37:15,54.23,0.0,38,206057,买盘
10:37:18,54.23,0.0,9,48807,买盘
10:37:21,54.23,0.0,4,21693,卖盘
10:37:24,54.24,0.01,15,81360,买盘
10:37:27,54.24,0.0,31,168144,卖盘
10:37:30,54.25,0.01,13,70521,买盘
10:37:34,54.25,0.0,3,16275,卖盘
10:37:37,54.25,0.0,9,48820,买盘
10:37:40,54.25,0.0,10,54250,买盘
10:37:43,54.25,0.0,22,119371,卖盘
10:37:46,54.25,0.0,33,179027,卖盘
10:37:49,54.25,0.0,10,55390,卖盘
10:37:51,54.25,0.0,22,118221,卖盘
10:37:54,54.24,-0.01,35,191010,卖盘
10:37:57,54.25,0.01,12,61727,中性盘
10:38:00,54.25,0.0,15,81375,买盘
10:38:04,54.24,-0.01,13,72747,卖盘
10:38:06,54.24,0.0,25,135599,买盘
10:38:09,54.23,-0.01,12,65093,卖盘
10:38:13,54.23,0.0,23,124729,卖盘
10:38:15,54.24,0.01,20,108467,买盘
10:38:18,54.23,-0.01,15,81345,买盘
10:38:22,54.22,-0.01,45,244033,卖盘
10:38:25,54.24,0.02,5,27120,买盘
10:38:27,54.23,-0.01,12,65083,卖盘
10:38:33,54.28,0.05,222,1204694,买盘
10:38:36,54.28,0.0,144,780873,买盘
10:38:39,54.21,-0.07,134,726423,卖盘
10:38:42,54.28,0.07,4,21712,买盘
10:38:46,54.27,-0.01,12,65119,买盘
10:38:48,54.24,-0.03,18,97620,买盘
10:38:51,54.22,-0.02,28,151872,卖盘
10:38:54,54.22,0.0,9,48795,买盘
10:38:57,54.22,0.0,21,113867,买盘
10:39:00,54.21,-0.01,77,417430,卖盘
10:39:05,54.27,0.06,3,16271,买盘
10:39:07,54.22,-0.05,1,5422,卖盘
10:39:10,54.27,0.05,84,455463,买盘
10:39:15,54.21,-0.06,44,238583,卖盘
10:39:18,54.22,0.01,13,70487,中性盘
10:39:22,54.22,0.0,1,5422,卖盘
10:39:24,54.23,0.01,7,37957,买盘
10:39:27,54.23,0.0,14,77004,买盘
10:39:31,54.23,0.0,15,81334,买盘
10:39:33,54.22,-0.01,3,16266,卖盘
10:39:37,54.23,0.01,11,59652,买盘
10:39:39,54.22,-0.01,46,249417,卖盘
10:39:43,54.27,0.05,44,238645,买盘
10:39:45,54.22,-0.05,20,107356,卖盘
10:39:48,54.21,-0.01,37,200579,卖盘
10:39:52,54.22,0.01,7,37954,买盘
10:39:54,54.21,-0.01,52,281892,卖盘
10:39:57,54.22,0.01,7,37951,买盘
10:40:01,54.21,-0.01,30,162657,卖盘
10:40:05,54.22,0.01,22,119278,买盘
10:40:07,54.22,0.0,5,27110,买盘
10:40:10,54.22,0.0,32,174588,买盘
10:40:12,54.22,0.0,13,70488,买盘
10:40:16,54.22,0.0,18,97598,卖盘
10:40:18,54.22,0.0,10,54220,卖盘
10:40:21,54.23,0.01,2,11116,中性盘
10:40:24,54.22,-0.01,56,303644,卖盘
10:40:27,54.24,0.02,40,216946,买盘
10:40:30,54.22,-0.02,43,233182,卖盘
10:40:33,54.26,0.04,57,309270,买盘
10:40:36,54.26,0.0,4,21700,买盘
10:40:39,54.26,0.0,15,81350,买盘
10:40:42,54.22,-0.04,25,135559,卖盘
10:40:45,54.22,0.0,3,16266,卖盘
10:40:48,54.26,0.04,23,124773,买盘
10:40:51,54.23,-0.03,23,124731,卖盘
10:40:55,54.24,0.01,45,244076,中性盘
10:40:57,54.23,-0.01,3,16271,卖盘
10:41:01,54.24,0.01,5,27120,买盘
10:41:04,54.24,0.0,6,32542,买盘
10:41:07,54.23,-0.01,3,17028,卖盘
10:41:09,54.24,0.01,17,92193,买盘
10:41:12,54.23,-0.01,3,16271,卖盘
10:41:15,54.23,0.0,7,34549,卖盘
10:41:19,54.23,0.0,11,59653,卖盘
10:41:21,54.24,0.01,4,21695,买盘
10:41:25,54.23,-0.01,19,105046,卖盘
10:41:27,54.23,0.0,29,157918,卖盘
10:41:30,54.22,-0.01,18,97620,卖盘
10:41:34,54.23,0.01,8,43380,中性盘
10:41:37,54.24,0.01,6,32543,买盘
10:41:42,54.23,-0.01,1,5423,卖盘
10:41:46,54.24,0.01,21,113468,买盘
10:41:49,54.24,0.0,31,168135,买盘
10:41:51,54.23,-0.01,4,21692,卖盘
10:41:55,54.23,0.0,2,10846,卖盘
10:41:57,54.23,0.0,13,70502,卖盘
10:42:01,54.22,-0.01,64,344630,卖盘
10:42:04,54.24,0.02,43,233206,买盘
10:42:07,54.21,-0.03,222,1205089,卖盘
10:42:10,54.21,0.0,193,1046300,卖盘
10:42:13,54.22,0.01,17,92173,买盘
10:42:15,54.22,0.0,12,65054,买盘
10:42:19,54.21,-0.01,7,36538,卖盘
10:42:22,54.22,0.01,41,222302,买盘
10:42:25,54.21,-0.01,5,27107,卖盘
10:42:31,54.21,0.0,62,336107,卖盘
10:42:34,54.23,0.02,37,200631,买盘
10:42:36,54.21,-0.02,24,130150,卖盘
10:42:40,54.22,0.01,4,21687,买盘
10:42:43,54.21,-0.01,10,56216,卖盘
10:42:45,54.22,0.01,16,86746,买盘
10:42:48,54.2,-0.02,69,374000,卖盘
10:42:51,54.21,0.01,5,28674,买盘
10:42:54,54.2,-0.01,43,233061,卖盘
10:42:57,54.2,0.0,6,29486,卖盘
10:43:01,54.2,0.0,3,16260,卖盘
10:43:05,54.2,0.0,30,162601,卖盘
10:43:07,54.2,0.0,18,98597,卖盘
10:43:10,54.21,0.01,47,254750,买盘
10:43:13,54.2,-0.01,8,43365,卖盘
10:43:15,54.2,0.0,19,104716,卖盘
10:43:18,54.2,0.0,66,357769,卖盘
10:43:21,54.2,0.0,9,48785,卖盘
10:43:25,54.2,0.0,62,332410,卖盘
10:43:31,54.2,0.0,64,346883,卖盘
10:43:34,54.2,0.0,22,120986,卖盘
10:43:37,54.2,0.0,10,54200,卖盘
10:43:40,54.2,0.0,10,54205,卖盘
10:43:42,54.21,0.01,88,478756,买盘
10:43:46,54.21,0.0,38,205997,买盘
10:43:48,54.21,0.0,33,178893,卖盘
10:43:51,54.22,0.01,25,135538,买盘
10:43:55,54.22,0.0,33,178901,买盘
10:43:58,54.22,0.0,1,5422,买盘
10:44:01,54.22,0.0,13,70483,买盘
10:44:04,54.21,-0.01,16,86736,卖盘
10:44:07,54.21,0.0,141,764463,卖盘
10:44:09,54.21,0.0,12,65052,买盘
10:44:12,54.21,0.0,12,65052,买盘
10:44:16,54.21,0.0,63,341465,买盘
10:44:19,54.21,0.0,143,775793,买盘
10:44:21,54.2,-0.01,16,86724,卖盘
10:44:25,54.21,0.01,54,292690,买盘
10:44:28,54.21,0.0,66,357730,买盘
10:44:30,54.2,-0.01,59,319780,卖盘
10:44:34,54.21,0.01,70,379465,买盘
10:44:36,54.21,0.0,25,135521,买盘
10:44:40,54.21,0.0,4,21684,卖盘
10:44:42,54.2,-0.01,86,466154,卖盘
10:44:45,54.2,0.0,20,108420,卖盘
10:44:49,54.21,0.01,1,5421,买盘
10:44:52,54.2,-0.01,55,298110,卖盘
10:44:55,54.21,0.01,21,113824,买盘
10:44:58,54.21,0.0,19,99637,买盘
10:45:00,54.21,0.0,3,16263,卖盘
10:45:06,54.21,0.0,66,357786,卖盘
10:45:09,54.2,-0.01,63,341522,卖盘
10:45:13,54.2,0.0,14,75885,卖盘
10:45:16,54.21,0.01,3,16263,买盘
10:45:19,54.2,-0.01,67,363143,卖盘
10:45:22,54.21,0.01,81,439099,买盘
10:45:25,54.21,0.0,18,97579,卖盘
10:45:27,54.21,0.0,5,27105,卖盘
10:45:30,54.21,0.0,72,390312,卖盘
10:45:34,54.21,0.0,15,81315,卖盘
10:45:36,54.2,-0.01,8,43362,卖盘
10:45:40,54.2,0.0,1,5420,卖盘
10:45:42,54.2,0.0,21,113820,卖盘
10:45:46,54.21,0.01,9,48789,买盘
10:45:49,54.2,-0.01,115,623304,卖盘
10:45:52,54.21,0.01,57,308984,买盘
10:45:55,54.2,-0.01,27,146340,卖盘
10:45:57,54.2,0.0,24,130081,卖盘
10:46:01,54.2,0.0,82,444244,卖盘
10:46:04,54.2,0.0,73,395010,卖盘
10:46:06,54.19,-0.01,32,173409,卖盘
10:46:09,54.19,0.0,13,70447,卖盘
10:46:12,54.19,0.0,30,165133,卖盘
10:46:15,54.18,-0.01,46,246701,卖盘
10:46:21,54.19,0.01,2,10838,买盘
10:46:24,54.19,0.0,25,135472,买盘
10:46:27,54.19,0.0,66,357608,买盘
10:46:30,54.18,-0.01,138,747667,卖盘
10:46:34,54.16,-0.02,101,547154,卖盘
10:46:37,54.15,-0.01,143,774489,卖盘
10:46:40,54.16,0.01,6,32496,中性盘
10:46:42,54.15,-0.01,133,720196,卖盘
10:46:46,54.17,0.02,4,21668,买盘
10:46:49,54.16,-0.01,161,876148,中性盘
10:46:51,54.12,-0.04,242,1305926,卖盘
10:46:54,54.13,0.01,10,54126,买盘
10:46:58,54.12,-0.01,4,23217,卖盘
10:47:01,54.13,0.01,109,588826,买盘
10:47:04,54.13,0.0,45,243595,卖盘
10:47:07,54.13,0.0,13,70369,卖盘
10:47:09,54.13,0.0,14,75782,卖盘
10:47:12,54.13,0.0,195,1057459,卖盘
10:47:15,54.16,0.03,53,287012,买盘
10:47:19,54.16,0.0,28,151572,买盘
10:47:22,54.15,-0.01,11,59546,买盘
10:47:25,54.13,-0.02,170,920212,卖盘
10:47:28,54.13,0.0,30,162446,卖盘
10:47:31,54.13,0.0,2,10826,卖盘
10:47:33,54.13,0.0,35,189472,卖盘
10:47:36,54.13,0.0,16,86612,卖盘
10:47:39,54.13,0.0,115,622496,卖盘
10:47:42,54.13,0.0,27,147564,卖盘
10:47:45,54.15,0.02,87,470945,买盘
10:47:48,54.13,-0.02,129,698277,卖盘
10:47:51,54.13,0.0,238,1286454,卖盘
10:47:54,54.12,-0.01,8,43301,卖盘
10:47:58,54.12,0.0,11,59532,卖盘
10:48:00,54.12,0.0,9,50386,卖盘
10:48:04,54.13,0.01,71,384257,买盘
10:48:07,54.12,-0.01,5,27061,卖盘
10:48:09,54.13,0.01,50,271492,买盘
10:48:13,54.12,-0.01,17,92004,卖盘
10:48:15,54.13,0.01,26,140715,买盘
10:48:18,54.13,0.0,8,38589,买盘
10:48:22,54.13,0.0,11,59543,买盘
10:48:24,54.2,0.07,940,5096996,买盘
10:48:28,54.13,-0.07,83,446206,卖盘
10:48:31,54.12,-0.01,133,719808,卖盘
10:48:34,54.15,0.03,66,357199,买盘
10:48:36,54.15,0.0,25,135375,买盘
10:48:39,54.15,0.0,16,86640,卖盘
10:48:43,54.15,0.0,10,54155,卖盘
10:48:46,54.2,0.05,14,76471,买盘
10:48:48,54.15,-0.05,28,151094,卖盘
10:48:51,54.13,-0.02,12,64996,卖盘
10:48:54,54.18,0.05,17,92090,中性盘
10:48:58,54.15,-0.03,10,54145,卖盘
10:49:00,54.15,0.0,3,16245,卖盘
10:49:04,54.18,0.03,11,59589,买盘
10:49:06,54.18,0.0,27,146308,买盘
10:49:10,54.2,0.02,526,2847343,买盘
10:49:13,54.2,0.0,74,401045,买盘
10:49:16,54.2,0.0,62,335995,买盘
10:49:19,54.19,-0.01,16,86715,买盘
10:49:21,54.2,0.01,5,27100,买盘
10:49:25,54.2,0.0,169,915948,买盘
10:49:28,54.19,-0.01,4,21676,买盘
10:49:31,54.19,0.0,1,5419,买盘
10:49:34,54.18,-0.01,10,57435,卖盘
10:49:36,54.18,0.0,38,205889,卖盘
10:49:40,54.19,0.01,9,48771,买盘
10:49:43,54.2,0.01,178,965328,买盘
10:49:45,54.2,0.0,40,216826,卖盘
10:49:49,54.21,0.01,21,113833,买盘
10:49:52,54.2,-0.01,16,86733,卖盘
10:49:55,54.2,0.0,3,16260,卖盘
10:49:57,54.2,0.0,177,959539,卖盘
10:50:00,54.2,0.0,165,894327,卖盘
10:50:04,54.2,0.0,83,449861,卖盘
10:50:07,54.21,0.01,3,16264,卖盘
10:50:10,54.21,0.0,7,37947,卖盘
10:50:12,54.21,0.0,17,92161,卖盘
10:50:16,54.22,0.01,31,168078,买盘
10:50:18,54.22,0.0,60,325320,卖盘
10:50:22,54.22,0.0,2,10844,卖盘
10:50:24,54.22,0.0,74,401271,卖盘
10:50:28,54.22,0.0,5,27110,卖盘
10:50:30,54.23,0.01,6,32534,买盘
10:50:34,54.23,0.0,7,37955,买盘
10:50:37,54.22,-0.01,81,439218,卖盘
10:50:39,54.22,0.0,16,87508,买盘
10:50:42,54.21,-0.01,53,286556,卖盘
10:50:45,54.2,-0.01,19,103002,卖盘
10:50:48,54.2,0.0,24,130104,卖盘
10:50:51,54.2,0.0,5,27100,卖盘
10:50:54,54.2,0.0,6,32517,买盘
10:50:58,54.19,-0.01,32,173409,卖盘
10:51:00,54.19,0.0,11,59613,买盘
10:51:04,54.19,0.0,1,5419,买盘
10:51:06,54.18,-0.01,29,157147,卖盘
10:51:10,54.19,0.01,27,146293,买盘
10:51:12,54.18,-0.01,13,70438,卖盘
10:51:15,54.18,0.0,42,227559,卖盘
10:51:19,54.19,0.01,14,75865,买盘
10:51:21,54.19,0.0,18,97545,卖盘
10:51:25,54.2,0.01,7,37937,买盘
10:51:28,54.2,0.0,136,737925,买盘
10:51:31,54.2,0.0,37,200565,卖盘
10:51:33,54.18,-0.02,35,189681,卖盘
10:51:37,54.2,0.02,6,32514,买盘
10:51:40,54.18,-0.02,32,173402,卖盘
10:51:42,54.2,0.02,8,43357,买盘
10:51:46,54.19,-0.01,17,92119,卖盘
10:51:48,54.19,0.0,17,92128,卖盘
10:51:51,54.18,-0.01,38,205912,卖盘
10:51:55,54.18,0.0,17,89355,卖盘
10:51:57,54.18,0.0,5,27093,卖盘
10:52:01,54.18,0.0,12,65016,卖盘
10:52:05,54.18,0.0,44,239605,卖盘
10:52:07,54.18,0.0,51,276326,卖盘
10:52:09,54.18,0.0,44,239103,卖盘
10:52:13,54.18,0.0,7,37926,买盘
10:52:15,54.18,0.0,58,314243,买盘
10:52:18,54.17,-0.01,26,140831,买盘
10:52:22,54.16,-0.01,84,455040,卖盘
10:52:24,54.16,0.0,18,97485,买盘
10:52:27,54.16,0.0,54,292421,买盘
10:52:30,54.17,0.01,176,953355,买盘
10:52:33,54.18,0.01,218,1180962,买盘
10:52:37,54.17,-0.01,133,720519,卖盘
10:52:40,54.17,0.0,33,178786,卖盘
10:52:42,54.17,0.0,13,70426,卖盘
10:52:46,54.17,0.0,115,622971,卖盘
10:52:49,54.2,0.03,413,2237861,买盘
10:52:52,54.17,-0.03,85,460644,卖盘
10:52:55,54.17,0.0,19,102952,卖盘
10:52:57,54.16,-0.01,13,70417,卖盘
10:53:00,54.18,0.02,21,113773,买盘
10:53:05,54.18,0.0,7,37926,买盘
10:53:07,54.17,-0.01,53,287102,卖盘
10:53:10,54.17,0.0,56,303347,卖盘
10:53:12,54.17,0.0,22,119174,买盘
10:53:16,54.17,0.0,24,130008,买盘
10:53:18,54.17,0.0,32,173357,卖盘
10:53:21,54.17,0.0,11,59592,卖盘
10:53:24,54.17,0.0,64,346665,买盘
10:53:27,54.16,-0.01,97,525408,卖盘
10:53:30,54.15,-0.01,151,817762,卖盘
10:53:34,54.15,0.0,55,297876,卖盘
10:53:37,54.16,0.01,155,839353,买盘
10:53:40,54.16,0.0,23,124568,买盘
10:53:42,54.16,0.0,46,249116,中性盘
10:53:46,54.15,-0.01,220,1191315,卖盘
10:53:49,54.16,0.01,93,503506,中性盘
10:53:52,54.17,0.01,16,86670,买盘
10:53:54,54.17,0.0,29,157068,中性盘
10:53:58,54.17,0.0,13,70409,买盘
10:54:00,54.17,0.0,12,65001,买盘
10:54:05,54.15,-0.02,9,48741,卖盘
10:54:07,54.15,0.0,16,86641,卖盘
10:54:09,54.15,0.0,38,205783,卖盘
10:54:12,54.16,0.01,9,48740,买盘
10:54:16,54.15,-0.01,41,222070,卖盘
10:54:19,54.15,0.0,19,103046,卖盘
10:54:21,54.15,0.0,15,81233,买盘
10:54:24,54.15,0.0,129,698451,买盘
10:54:27,54.14,-0.01,100,541478,卖盘
10:54:30,54.14,0.0,196,1061191,卖盘
10:54:33,54.14,0.0,336,1819134,卖盘
10:54:36,54.12,-0.02,222,1201754,卖盘
10:54:39,54.15,0.03,206,1115046,买盘
10:54:42,54.12,-0.03,112,606409,卖盘
10:54:45,54.14,0.02,52,281529,卖盘
10:54:48,54.13,-0.01,23,124521,卖盘
10:54:51,54.13,0.0,33,178623,买盘
10:54:55,54.12,-0.01,48,259811,卖盘
10:54:57,54.13,0.01,13,70364,买盘
10:55:00,54.12,-0.01,77,417321,卖盘
10:55:05,54.12,0.0,36,194832,买盘
10:55:07,54.11,-0.01,1042,5638268,卖盘
10:55:10,54.1,-0.01,363,1960371,卖盘
10:55:13,54.1,0.0,119,643894,卖盘
10:55:16,54.1,0.0,69,373310,卖盘
10:55:18,54.1,0.0,40,216429,卖盘
10:55:21,54.1,0.0,65,351673,卖盘
10:55:25,54.1,0.0,30,162315,卖盘
10:55:27,54.1,0.0,41,225547,卖盘
10:55:31,54.1,0.0,35,189350,买盘
10:55:34,54.1,0.0,9,48690,买盘
10:55:36,54.08,-0.02,281,1519301,卖盘
10:55:39,54.1,0.02,96,519286,买盘
10:55:42,54.09,-0.01,10,54090,买盘
10:55:46,54.1,0.01,44,237998,中性盘
10:55:48,54.1,0.0,4,21640,买盘
10:55:52,54.09,-0.01,209,1130486,卖盘
10:55:55,54.08,-0.01,523,2828029,卖盘
10:55:58,54.06,-0.02,255,1378532,卖盘
10:56:00,54.05,-0.01,72,387705,卖盘
10:56:04,54.08,0.03,10,54080,买盘
10:56:07,54.05,-0.03,19,102741,卖盘
10:56:10,54.05,0.0,19,102714,卖盘
10:56:16,54.05,0.0,32,173021,卖盘
10:56:18,54.05,0.0,162,878207,卖盘
10:56:21,54.05,0.0,203,1097590,卖盘
10:56:24,54.09,0.04,26,140540,买盘
10:56:27,54.05,-0.04,8,43240,卖盘
10:56:30,54.06,0.01,297,1605587,卖盘
10:56:33,54.08,0.02,2,10816,买盘
10:56:36,54.08,0.0,68,367762,买盘
10:56:40,54.08,0.0,4,21632,卖盘
10:56:43,54.08,0.0,17,91936,卖盘
10:56:45,54.08,0.0,99,535326,卖盘
10:56:48,54.08,0.0,14,75722,买盘
10:56:52,54.08,0.0,20,108157,卖盘
10:56:55,54.09,0.01,18,97351,买盘
10:56:57,54.09,0.0,44,237955,买盘
10:57:00,54.12,0.03,273,1477172,买盘
10:57:04,54.07,-0.05,196,1060482,卖盘
10:57:06,54.1,0.03,32,173125,卖盘
10:57:09,54.1,0.0,60,324607,卖盘
10:57:12,54.1,0.0,6,30519,卖盘
10:57:16,54.06,-0.04,500,2704740,卖盘
10:57:19,54.11,0.05,15,81175,买盘
10:57:21,54.11,0.0,5,27057,卖盘
10:57:25,54.12,0.01,12,64934,买盘
10:57:27,54.11,-0.01,64,346357,卖盘
10:57:30,54.11,0.0,41,223307,卖盘
10:57:34,54.12,0.01,47,254361,买盘
10:57:36,54.12,0.0,23,124475,买盘
10:57:40,54.12,0.0,1,5412,卖盘
10:57:42,54.13,0.01,12,64945,买盘
10:57:46,54.12,-0.01,9,48708,卖盘
10:57:48,54.14,0.02,43,232769,买盘
10:57:51,54.13,-0.01,1,5413,卖盘
10:57:54,54.14,0.01,7,37895,买盘
10:57:57,54.13,-0.01,4,21653,卖盘
10:58:01,54.14,0.01,22,119108,买盘
10:58:04,54.14,0.0,12,64968,卖盘
10:58:07,54.15,0.01,58,314069,买盘
10:58:09,54.15,0.0,9,48735,卖盘
10:58:13,54.16,0.01,17,92058,买盘
10:58:16,54.14,-0.02,72,389832,卖盘
10:58:18,54.14,0.0,16,86624,买盘
10:58:22,54.14,0.0,3,16240,买盘
10:58:24,54.14,0.0,14,75794,买盘
10:58:27,54.14,0.0,11,59554,买盘
10:58:31,54.14,0.0,4,21656,买盘
10:58:34,54.14,0.0,37,200037,买盘
10:58:36,54.14,0.0,47,254463,买盘
10:58:40,54.15,0.01,8,43313,买盘
10:58:43,54.15,0.0,4,21660,买盘
10:58:46,54.15,0.0,15,81216,买盘
10:58:48,54.15,0.0,2,10830,卖盘
10:58:54,54.15,0.0,29,157036,卖盘
10:58:57,54.18,0.03,64,347335,买盘
10:59:01,54.15,-0.03,2,10830,卖盘
10:59:04,54.15,0.0,19,102235,卖盘
10:59:07,54.14,-0.01,19,102873,卖盘
10:59:09,54.15,0.01,3,16246,中性盘
10:59:12,54.16,0.01,12,64992,卖盘
10:59:16,54.16,0.0,8,43340,卖盘
10:59:18,54.16,0.0,7,37912,卖盘
10:59:25,54.16,0.0,4,21661,买盘
10:59:27,54.14,-0.02,64,346514,卖盘
10:59:31,54.14,0.0,140,758007,卖盘
10:59:34,54.15,0.01,18,97462,买盘
10:59:37,54.13,-0.02,14,75804,卖盘
10:59:40,54.14,0.01,36,194872,买盘
10:59:42,54.13,-0.01,135,730758,卖盘
10:59:46,54.13,0.0,21,113683,卖盘
10:59:48,54.13,0.0,1,5413,卖盘
10:59:51,54.14,0.01,3,16242,买盘
10:59:54,54.13,-0.01,35,189464,卖盘
10:59:57,54.14,0.01,12,64959,买盘
11:00:00,54.14,0.0,22,119108,卖盘
11:00:05,54.14,0.0,5,27070,卖盘
11:00:07,54.12,-0.02,31,167812,卖盘
11:00:09,54.14,0.02,43,232796,买盘
11:00:12,54.15,0.01,113,611827,买盘
11:00:16,54.14,-0.01,2,10827,中性盘
11:00:19,54.13,-0.01,13,70369,卖盘
11:00:21,54.12,-0.01,335,1813626,卖盘
11:00:25,54.11,-0.01,5,27057,卖盘
11:00:27,54.11,0.0,11,59531,卖盘
11:00:31,54.12,0.01,60,324710,买盘
11:00:34,54.11,-0.01,17,91993,卖盘
11:00:37,54.11,0.0,66,357113,卖盘
11:00:40,54.1,-0.01,3,16232,卖盘
11:00:42,54.1,0.0,18,97387,卖盘
11:00:45,54.1,0.0,22,119025,卖盘
11:00:48,54.1,0.0,14,75740,买盘
11:00:51,54.09,-0.01,20,108184,卖盘
11:00:54,54.09,0.0,13,70323,卖盘
11:00:58,54.09,0.0,103,557127,卖盘
11:01:00,54.09,0.0,10,54090,卖盘
11:01:05,54.09,0.0,4,21638,中性盘
11:01:07,54.08,-0.01,17,91945,卖盘
11:01:10,54.08,0.0,119,643552,卖盘
11:01:13,54.08,0.0,143,773345,卖盘
11:01:16,54.06,-0.02,185,1000193,卖盘
11:01:21,54.06,0.0,60,324370,卖盘
11:01:24,54.06,0.0,76,410857,卖盘
11:01:27,54.06,0.0,50,270302,卖盘
11:01:31,54.06,0.0,38,205462,卖盘
11:01:34,54.06,0.0,31,167586,卖盘
11:01:36,54.06,0.0,16,83036,卖盘
11:01:39,54.06,0.0,8,43248,买盘
11:01:43,54.05,-0.01,40,216200,卖盘
11:01:45,54.05,0.0,31,167556,卖盘
11:01:48,54.05,0.0,134,724274,卖盘
11:01:52,54.05,0.0,117,635358,卖盘
11:01:55,54.05,0.0,4,21617,买盘
11:01:57,54.04,-0.01,37,199954,卖盘
11:02:00,54.04,0.0,46,248585,卖盘
11:02:04,54.04,0.0,67,362069,卖盘
11:02:07,54.04,0.0,152,821408,卖盘
11:02:10,54.04,0.0,19,102676,卖盘
11:02:13,54.04,0.0,24,129697,卖盘
11:02:15,54.04,0.0,35,189153,卖盘
11:02:18,54.04,0.0,35,189159,买盘
11:02:21,54.04,0.0,69,372855,买盘
11:02:24,54.04,0.0,62,335016,买盘
11:02:27,54.03,-0.01,110,594351,卖盘
11:02:30,54.03,0.0,94,507915,卖盘
11:02:34,54.03,0.0,96,518711,卖盘
11:02:37,54.03,0.0,292,1577693,卖盘
11:02:39,54.02,-0.01,203,1096606,卖盘
11:02:42,54.02,0.0,80,432165,卖盘
11:02:46,54.02,0.0,139,750879,卖盘
11:02:48,54.02,0.0,54,291718,卖盘
11:02:52,54.01,-0.01,1,5401,卖盘
11:02:54,54.01,0.0,21,113421,卖盘
11:02:57,54.0,-0.01,1065,5751513,卖盘
11:03:01,54.01,0.01,43,232209,买盘
11:03:04,54.0,-0.01,5,27000,卖盘
11:03:07,54.0,0.0,57,307815,卖盘
11:03:09,54.01,0.01,99,534604,买盘
11:03:12,54.0,-0.01,72,388802,卖盘
11:03:16,54.0,0.0,99,534610,卖盘
11:03:19,54.0,0.0,214,1155653,卖盘
11:03:21,54.0,0.0,34,183601,卖盘
11:03:25,54.0,0.0,52,280809,卖盘
11:03:27,54.0,0.0,77,415805,卖盘
11:03:30,54.0,0.0,23,124207,卖盘
11:03:33,54.0,0.0,146,788401,卖盘
11:03:37,54.01,0.01,31,167402,买盘
11:03:39,54.0,-0.01,113,610303,卖盘
11:03:43,54.0,0.0,38,205200,卖盘
11:03:45,54.0,0.0,98,529201,卖盘
11:03:49,54.0,0.0,90,482336,卖盘
11:03:51,54.0,0.0,50,270011,卖盘
11:03:54,54.0,0.0,103,556214,卖盘
11:03:57,54.0,0.0,241,1301613,卖盘
11:04:01,54.0,0.0,35,189001,卖盘
11:04:04,54.0,0.0,45,243001,卖盘
11:04:06,54.0,0.0,13,70200,卖盘
11:04:10,54.0,0.0,1103,5958069,卖盘
11:04:13,54.0,0.0,22,118801,卖盘
11:04:16,54.04,0.04,62,334926,买盘
11:04:19,54.04,0.0,41,221558,买盘
11:04:21,54.04,0.0,40,216056,卖盘
11:04:24,54.05,0.01,57,308070,买盘
11:04:27,54.05,0.0,17,91872,买盘
11:04:30,54.05,0.0,65,351318,买盘
11:04:34,54.04,-0.01,55,301927,卖盘
11:04:36,54.02,-0.02,108,578931,卖盘
11:04:39,54.01,-0.01,43,232322,卖盘
11:04:42,54.04,0.03,4,21610,买盘
11:04:46,54.01,-0.03,26,140434,卖盘
11:04:48,54.01,0.0,2,10802,卖盘
11:04:51,54.01,0.0,24,129626,卖盘
11:04:54,54.01,0.0,25,135028,卖盘
11:04:57,54.01,0.0,42,226865,卖盘
11:05:00,54.01,0.0,20,108032,卖盘
11:05:04,54.01,0.0,6,32406,卖盘
11:05:06,54.01,0.0,27,145834,卖盘
11:05:09,54.01,0.0,13,70220,卖盘
11:05:12,54.01,0.0,8,43209,卖盘
11:05:16,54.01,0.0,39,210646,买盘
11:05:19,54.01,0.0,54,291613,中性盘
11:05:22,54.01,0.0,25,135028,卖盘
11:05:24,54.02,0.01,9,48610,买盘
11:05:27,54.01,-0.01,17,91818,卖盘
11:05:30,54.01,0.0,17,91820,卖盘
11:05:34,54.01,0.0,253,1366458,卖盘
11:05:36,54.02,0.01,91,491581,买盘
11:05:40,54.02,0.0,14,75628,卖盘
11:05:43,54.02,0.0,23,124251,卖盘
11:05:45,54.02,0.0,86,464588,卖盘
11:05:49,54.02,0.0,34,183664,卖盘
11:05:52,54.01,-0.01,15,81025,卖盘
11:05:55,54.01,0.0,4,21604,卖盘
11:05:57,54.01,0.0,100,540116,卖盘
11:06:01,54.01,0.0,17,91817,卖盘
11:06:04,54.01,0.0,20,108020,买盘
11:06:07,54.0,-0.01,27,145800,卖盘
11:06:10,54.01,0.01,26,140408,买盘
11:06:13,54.01,0.0,48,259238,买盘
11:06:16,54.0,-0.01,17,91812,卖盘
11:06:18,54.0,0.0,43,232204,卖盘
11:06:22,54.0,0.0,110,594100,卖盘
11:06:24,54.0,0.0,119,647301,卖盘
11:06:28,54.0,0.0,47,253805,卖盘
11:06:31,54.0,0.0,63,339499,卖盘
11:06:33,54.01,0.01,26,140401,买盘
11:06:36,54.01,0.0,89,480635,买盘
11:06:39,54.0,-0.01,135,729020,卖盘
11:06:42,54.0,0.0,53,286214,卖盘
11:06:46,54.0,0.0,83,448205,卖盘
11:06:48,54.0,0.0,188,1012487,卖盘
11:06:52,54.0,0.0,360,1943660,卖盘
11:06:55,54.0,0.0,48,259208,卖盘
11:06:57,54.0,0.0,23,124524,卖盘
11:07:01,54.01,0.01,138,745277,买盘
11:07:05,54.0,-0.01,58,313212,卖盘
11:07:07,54.01,0.01,149,804657,中性盘
11:07:10,54.0,-0.01,5,27003,卖盘
11:07:13,54.01,0.01,19,102633,中性盘
11:07:15,54.0,-0.01,49,264600,卖盘
11:07:18,54.0,0.0,71,383423,卖盘
11:07:21,54.01,0.01,54,291624,买盘
11:07:24,54.0,-0.01,20,107673,卖盘
11:07:28,54.0,0.0,66,356382,买盘
11:07:30,53.99,-0.01,22,118799,卖盘
11:07:33,54.0,0.01,3,16199,买盘
11:07:36,53.99,-0.01,29,156592,卖盘
11:07:39,53.99,0.0,18,97182,卖盘
11:07:42,54.0,0.01,149,804916,买盘
11:07:45,54.0,0.0,11,59401,卖盘
11:07:49,54.0,0.0,30,162000,卖盘
11:07:52,54.0,0.0,24,129276,卖盘
11:07:55,54.0,0.0,14,75595,买盘
11:07:57,54.0,0.0,23,124195,买盘
11:08:01,53.99,-0.01,21,113394,卖盘
11:08:04,53.99,0.0,75,404955,卖盘
11:08:06,53.99,0.0,16,86394,卖盘
11:08:10,53.99,0.0,23,124179,卖盘
11:08:13,53.99,0.0,84,453517,卖盘
11:08:15,53.99,0.0,41,221366,卖盘
11:08:19,53.99,0.0,30,162295,卖盘
11:08:21,53.99,0.0,128,692694,卖盘
11:08:25,53.98,-0.01,33,176206,卖盘
11:08:27,53.98,0.0,129,697263,卖盘
11:08:30,53.98,0.0,31,166211,卖盘
11:08:33,53.99,0.01,96,518209,买盘
11:08:37,53.97,-0.02,131,709646,卖盘
11:08:39,53.98,0.01,12,64779,中性盘
11:08:43,53.97,-0.01,16,86364,卖盘
11:08:45,53.97,0.0,30,161916,卖盘
11:08:48,53.97,0.0,129,696238,卖盘
11:08:52,53.97,0.0,156,841932,卖盘
11:08:54,53.97,0.0,6,32377,买盘
11:08:58,53.96,-0.01,71,383124,卖盘
11:09:01,53.96,0.0,25,134902,卖盘
11:09:04,53.96,0.0,189,1019843,卖盘
11:09:06,53.96,0.0,30,161856,买盘
11:09:09,53.95,-0.01,60,323702,卖盘
11:09:13,53.94,-0.01,385,2077074,卖盘
11:09:15,53.93,-0.01,328,1769195,卖盘
11:09:19,53.94,0.01,6,32359,买盘
11:09:21,53.93,-0.01,42,226508,卖盘
11:09:24,53.93,0.0,125,674128,卖盘
11:09:27,53.93,0.0,180,970741,卖盘
11:09:31,53.93,0.0,144,776594,卖盘
11:09:34,53.93,0.0,89,479978,卖盘
11:09:36,53.92,-0.01,333,1796101,卖盘
11:09:39,53.92,0.0,22,118625,卖盘
11:09:43,53.92,0.0,87,469106,卖盘
11:09:46,53.92,0.0,139,749489,卖盘
11:09:48,53.92,0.0,92,496066,卖盘
11:09:51,53.92,0.0,67,361268,卖盘
11:09:54,53.92,0.0,46,248026,卖盘
11:09:58,53.92,0.0,7,37744,买盘
11:10:00,53.92,0.0,80,431284,买盘
11:10:04,53.92,0.0,129,695468,买盘
11:10:07,53.91,-0.01,222,1194328,卖盘
11:10:10,53.91,0.0,144,776340,卖盘
11:10:13,53.91,0.0,90,487673,卖盘
11:10:15,53.9,-0.01,39,210246,卖盘
11:10:19,53.9,0.0,141,760028,卖盘
11:10:22,53.9,0.0,98,528225,卖盘
11:10:25,53.9,0.0,149,803116,卖盘
11:10:28,53.9,0.0,61,328796,卖盘
11:10:30,53.9,0.0,336,1811063,卖盘
11:10:34,53.91,0.01,70,377316,买盘
11:10:37,53.91,0.0,164,883992,买盘
11:10:40,53.91,0.0,153,824711,买盘
11:10:43,53.91,0.0,108,582134,买盘
11:10:45,53.9,-0.01,87,468939,卖盘
11:10:49,53.9,0.0,33,177873,买盘
11:10:52,53.89,-0.01,83,447313,卖盘
11:10:54,53.89,0.0,59,317980,卖盘
11:10:58,53.89,0.0,17,91615,买盘
11:11:00,53.89,0.0,41,220949,卖盘
11:11:04,53.89,0.0,108,582036,卖盘
11:11:07,53.89,0.0,5,26943,买盘
11:11:09,53.88,-0.01,59,317910,卖盘
11:11:13,53.88,0.0,22,118544,卖盘
11:11:15,53.88,0.0,153,824392,卖盘
11:11:19,53.88,0.0,44,237075,卖盘
11:11:21,53.88,0.0,56,301735,卖盘
11:11:24,53.89,0.01,667,3594044,买盘
11:11:27,53.89,0.0,228,1228639,买盘
11:11:30,53.88,-0.01,48,258627,卖盘
11:11:34,53.88,0.0,124,668121,卖盘
11:11:37,53.88,0.0,51,274805,卖盘
11:11:40,53.88,0.0,13,69657,买盘
11:11:42,53.87,-0.01,44,237037,卖盘
11:11:46,53.87,0.0,37,199333,卖盘
11:11:48,53.88,0.01,148,797327,买盘
11:11:52,53.87,-0.01,58,312464,卖盘
11:11:54,53.87,0.0,193,1039730,卖盘
11:11:58,53.88,0.01,61,328620,买盘
11:12:00,53.87,-0.01,138,743753,卖盘
11:12:05,53.87,0.0,9,48483,买盘
11:12:07,53.86,-0.01,470,2531429,卖盘
11:12:10,53.85,-0.01,26,140022,卖盘
11:12:12,53.86,0.01,30,161569,买盘
11:12:16,53.85,-0.01,57,306946,卖盘
11:12:18,53.85,0.0,70,376952,卖盘
11:12:22,53.84,-0.01,609,3276250,卖盘
11:12:24,53.84,0.0,43,231525,卖盘
11:12:28,53.84,0.0,79,425347,卖盘
11:12:30,53.84,0.0,215,1160364,买盘
11:12:34,53.83,-0.01,36,193806,卖盘
11:12:36,53.83,0.0,45,242260,卖盘
11:12:40,53.82,-0.01,200,1076656,卖盘
11:12:42,53.82,0.0,307,1652289,卖盘
11:12:46,53.82,0.0,56,301422,买盘
11:12:48,53.81,-0.01,150,807158,卖盘
11:12:51,53.81,0.0,94,505817,卖盘
11:12:54,53.81,0.0,155,834075,卖盘
11:12:57,53.81,0.0,197,1060868,卖盘
11:13:00,53.81,0.0,155,834087,卖盘
11:13:04,53.81,0.0,362,1944634,卖盘
11:13:06,53.8,-0.01,123,661783,卖盘
11:13:09,53.8,0.0,66,355108,卖盘
11:13:13,53.8,0.0,111,598157,卖盘
11:13:15,53.8,0.0,78,419658,卖盘
11:13:18,53.81,0.01,146,785585,买盘
11:13:21,53.8,-0.01,301,1619502,卖盘
11:13:24,53.81,0.01,136,731714,买盘
11:13:28,53.8,-0.01,317,1705704,卖盘
11:13:30,53.81,0.01,231,1242867,买盘
11:13:33,53.8,-0.01,144,774780,卖盘
11:13:36,53.81,0.01,400,2152319,买盘
11:13:40,53.81,0.0,171,919429,买盘
11:13:42,53.81,0.0,323,1738077,中性盘
11:13:46,53.81,0.0,167,898601,卖盘
11:13:49,53.81,0.0,110,591891,卖盘
11:13:51,53.8,-0.01,76,408966,卖盘
11:13:55,53.8,0.0,63,338985,卖盘
11:13:58,53.8,0.0,273,1468959,卖盘
11:14:00,53.81,0.01,324,1743250,买盘
11:14:04,53.82,0.01,220,1183856,买盘
11:14:07,53.82,0.0,105,566634,买盘
11:14:10,53.81,-0.01,92,493471,卖盘
11:14:12,53.81,0.0,191,1027621,买盘
11:14:16,53.82,0.01,773,4158886,买盘
11:14:19,53.81,-0.01,191,1027791,卖盘
11:14:21,53.82,0.01,112,602697,买盘
11:14:24,53.81,-0.01,127,683451,卖盘
11:14:27,53.81,0.0,130,699513,卖盘
11:14:31,53.81,0.0,155,834014,买盘
11:14:34,53.8,-0.01,83,446586,卖盘
11:14:37,53.8,0.0,482,2593216,卖盘
11:14:40,53.81,0.01,694,3733538,买盘
11:14:42,53.84,0.03,137,737253,买盘
11:14:46,53.84,0.0,282,1518007,买盘
11:14:48,53.84,0.0,193,1038918,买盘
11:14:52,53.84,0.0,133,716081,买盘
11:14:55,53.83,-0.01,52,279912,卖盘
11:14:57,53.85,0.02,196,1055136,买盘
11:15:01,53.85,0.0,79,425273,买盘
11:15:04,53.85,0.0,122,656720,买盘
11:15:07,53.86,0.01,452,2432319,买盘
11:15:10,53.85,-0.01,173,931421,卖盘
11:15:13,53.85,0.0,53,285363,买盘
11:15:16,53.85,0.0,114,613870,买盘
11:15:18,53.85,0.0,51,274587,买盘
11:15:21,53.85,0.0,95,511554,买盘
11:15:25,53.83,-0.02,220,1184462,卖盘
11:15:28,53.83,0.0,200,1076565,买盘
11:15:30,53.82,-0.01,67,360578,卖盘
11:15:33,53.82,0.0,139,748127,买盘
11:15:36,53.82,0.0,143,769662,买盘
11:15:39,53.82,0.0,185,995792,卖盘
11:15:42,53.83,0.01,141,758833,买盘
11:15:46,53.83,0.0,61,328313,买盘
11:15:49,53.83,0.0,148,796679,买盘
11:15:52,53.82,-0.01,59,317587,卖盘
11:15:54,53.83,0.01,91,489811,买盘
11:15:58,53.84,0.01,24,129217,中性盘
11:16:00,53.84,0.0,23,123846,卖盘
11:16:04,53.85,0.01,81,436128,买盘
11:16:07,53.85,0.0,63,339222,买盘
11:16:10,53.86,0.01,142,764742,买盘
11:16:12,53.84,-0.02,245,1318986,卖盘
11:16:16,53.85,0.01,69,371534,中性盘
11:16:18,53.85,0.0,38,204613,买盘
11:16:21,53.86,0.01,95,511565,买盘
11:16:24,53.85,-0.01,141,759382,卖盘
11:16:28,53.86,0.01,48,258501,买盘
11:16:31,53.86,0.0,80,430819,买盘
11:16:33,53.85,-0.01,73,393145,卖盘
11:16:36,53.86,0.01,130,700157,买盘
11:16:39,53.85,-0.01,234,1260299,卖盘
11:16:43,53.86,0.01,275,1481134,买盘
11:16:45,53.86,0.0,23,123881,买盘
11:16:49,53.88,0.02,105,565342,买盘
11:16:52,53.87,-0.01,22,118524,中性盘
11:16:55,53.88,0.01,86,463373,买盘
11:16:58,53.88,0.0,92,495717,买盘
11:17:00,53.88,0.0,2,10776,卖盘
11:17:04,53.91,0.03,36,194011,买盘
11:17:07,53.92,0.01,33,177895,买盘
11:17:09,53.91,-0.01,7,37743,卖盘
11:17:12,53.91,0.0,219,1180819,卖盘
11:17:15,53.91,0.0,111,598396,卖盘
11:17:19,53.92,0.01,49,264178,买盘
11:17:21,53.92,0.0,28,150972,买盘
11:17:24,53.92,0.0,196,1056747,买盘
11:17:27,53.92,0.0,45,242638,买盘
11:17:34,53.92,0.0,39,210303,卖盘
11:17:37,53.93,0.01,66,355936,买盘
11:17:40,53.93,0.0,27,145612,卖盘
11:17:42,53.95,0.02,106,575318,买盘
11:17:46,53.95,0.0,75,404626,卖盘
11:17:48,53.95,0.0,74,399239,卖盘
11:17:51,53.96,0.01,28,151087,买盘
11:17:55,53.96,0.0,19,102524,卖盘
11:17:57,53.96,0.0,10,53966,卖盘
11:18:01,53.97,0.01,47,253661,买盘
11:18:04,53.98,0.01,20,107948,买盘
11:18:07,53.97,-0.01,56,302270,卖盘
11:18:09,53.97,0.0,30,161900,卖盘
11:18:13,53.98,0.01,33,178097,买盘
11:18:15,53.98,0.0,11,59385,卖盘
11:18:19,53.97,-0.01,130,701904,卖盘
11:18:21,53.97,0.0,7,37786,卖盘
11:18:25,53.98,0.01,130,701904,卖盘
11:18:28,54.0,0.02,25,134946,买盘
11:18:30,53.99,-0.01,17,91782,买盘
11:18:34,53.99,0.0,13,70187,买盘
11:18:36,53.99,0.0,68,367126,买盘
11:18:40,53.98,-0.01,26,140367,中性盘
11:18:42,53.97,-0.01,31,167337,卖盘
11:18:46,53.98,0.01,15,80970,买盘
11:18:48,53.99,0.01,22,118768,买盘
11:18:51,53.99,0.0,12,64782,买盘
11:18:54,53.99,0.0,10,53987,买盘
11:18:58,53.98,-0.01,49,264521,卖盘
11:19:00,53.97,-0.01,218,1176645,卖盘
11:19:04,53.99,0.02,8,43187,买盘
11:19:07,53.99,0.0,28,151167,买盘
11:19:10,53.98,-0.01,112,604676,卖盘
11:19:12,53.99,0.01,4,21594,买盘
11:19:16,53.99,0.0,47,253709,买盘
11:19:19,53.99,0.0,9,48589,买盘
11:19:21,53.98,-0.01,44,237527,卖盘
11:19:24,53.98,0.0,29,156540,卖盘
11:19:28,53.98,0.0,5,26990,买盘
11:19:30,53.99,0.01,28,151140,买盘
11:19:34,53.98,-0.01,38,205124,卖盘
11:19:37,53.98,0.0,68,367067,卖盘
11:19:39,53.97,-0.01,229,1235931,卖盘
11:19:43,53.96,-0.01,155,836490,卖盘
11:19:45,53.96,0.0,62,334553,卖盘
11:19:49,53.98,0.02,70,377778,买盘
11:19:52,53.97,-0.01,14,75550,买盘
11:19:54,53.96,-0.01,54,291428,卖盘
11:19:57,53.96,0.0,32,172717,卖盘
11:20:01,53.97,0.01,17,91755,卖盘
11:20:04,53.96,-0.01,208,1122424,卖盘
11:20:07,53.97,0.01,16,86352,中性盘
11:20:09,53.96,-0.01,216,1165585,卖盘
11:20:13,53.97,0.01,263,1419222,买盘
11:20:16,53.97,0.0,17,91758,卖盘
11:20:18,53.98,0.01,26,140347,买盘
11:20:24,53.99,0.01,16,86376,买盘
11:20:28,53.98,-0.01,13,70175,卖盘
11:20:30,53.98,0.0,46,248308,卖盘
11:20:34,53.98,0.0,7,37786,买盘
11:20:36,53.98,0.0,41,221318,买盘
11:20:40,53.98,0.0,25,134950,卖盘
11:20:43,53.98,0.0,44,237538,卖盘
11:20:45,53.98,0.0,61,329279,卖盘
11:20:49,53.99,0.01,54,291510,买盘
11:20:51,53.99,0.0,16,86369,买盘
11:20:54,53.98,-0.01,25,134960,卖盘
11:20:57,53.98,0.0,29,156565,卖盘
11:21:01,53.99,0.01,13,70180,买盘
11:21:04,53.99,0.0,10,53990,卖盘
11:21:06,54.0,0.01,8,43193,买盘
11:21:09,54.0,0.0,110,593826,买盘
11:21:12,54.0,0.0,3,16198,买盘
11:21:15,53.99,-0.01,36,194365,中性盘
11:21:18,53.99,0.0,20,107969,买盘
11:21:21,53.98,-0.01,19,102580,卖盘
11:21:24,53.99,0.01,35,188948,买盘
11:21:27,53.99,0.0,119,642413,买盘
11:21:30,53.96,-0.03,105,566711,卖盘
11:21:33,53.96,0.0,64,345389,卖盘
11:21:37,53.96,0.0,77,415428,买盘
11:21:40,53.95,-0.01,133,717587,卖盘
11:21:43,53.99,0.04,331,1786625,买盘
11:21:45,53.99,0.0,48,259152,卖盘
11:21:48,53.99,0.0,87,469714,卖盘
11:21:52,53.95,-0.04,84,453179,卖盘
11:21:54,53.95,0.0,93,501607,卖盘
11:21:58,53.92,-0.03,47,253448,卖盘
11:22:00,53.93,0.01,85,458324,中性盘
11:22:04,53.91,-0.02,31,167138,卖盘
11:22:07,53.91,0.0,75,404412,卖盘
11:22:10,53.91,0.0,82,442077,买盘
11:22:13,53.9,-0.01,39,210219,卖盘
11:22:16,53.9,0.0,56,301859,卖盘
11:22:19,53.91,0.01,47,253335,买盘
11:22:22,53.91,0.0,44,237172,卖盘
11:22:24,53.9,-0.01,47,253368,卖盘
11:22:27,53.91,0.01,25,134766,中性盘
11:22:30,53.91,0.0,20,107809,中性盘
11:22:33,53.9,-0.01,456,2454399,卖盘
11:22:36,53.9,0.0,131,706086,买盘
11:22:39,53.9,0.0,4,21560,买盘
11:22:43,53.9,0.0,37,199427,买盘
11:22:45,53.9,0.0,21,113190,买盘
11:22:49,53.9,0.0,39,210202,买盘
11:22:51,53.9,0.0,11,59287,买盘
11:22:55,53.89,-0.01,14,75455,卖盘
11:22:58,53.89,0.0,30,161657,买盘
11:23:01,53.88,-0.01,84,452592,卖盘
11:23:04,53.88,0.0,42,226307,卖盘
11:23:07,53.88,0.0,20,107757,卖盘
11:23:09,53.88,0.0,16,86208,买盘
11:23:12,53.88,0.0,42,226287,买盘
11:23:15,53.88,0.0,43,231684,买盘
11:23:19,53.88,0.0,20,107762,卖盘
11:23:21,53.88,0.0,1,5388,卖盘
11:23:24,53.88,0.0,36,193966,卖盘
11:23:27,53.87,-0.01,34,183172,卖盘
11:23:30,53.87,0.0,12,64644,买盘
11:23:34,53.87,0.0,56,301668,买盘
11:23:37,53.88,0.01,127,684229,买盘
11:23:40,53.87,-0.01,66,355560,卖盘
11:23:42,53.87,0.0,11,59248,买盘
11:23:46,53.87,0.0,49,263926,买盘
11:23:48,53.87,0.0,13,70032,买盘
11:23:52,53.87,0.0,59,317792,卖盘
11:23:55,53.87,0.0,11,59253,买盘
11:23:57,53.87,0.0,48,258562,买盘
11:24:01,53.87,0.0,27,145447,买盘
11:24:04,53.86,-0.01,77,414777,卖盘
11:24:07,53.87,0.01,8,43095,买盘
11:24:09,53.87,0.0,97,522513,买盘
11:24:13,53.86,-0.01,12,64643,卖盘
11:24:15,53.87,0.01,18,96951,买盘
11:24:19,53.86,-0.01,37,202734,卖盘
11:24:22,53.87,0.01,16,86191,买盘
11:24:25,53.86,-0.01,110,589010,卖盘
11:24:27,53.86,0.0,15,80790,买盘
11:24:30,53.85,-0.01,51,274666,卖盘
11:24:33,53.86,0.01,11,59245,买盘
11:24:36,53.86,0.0,8,43087,买盘
11:24:39,53.86,0.0,17,91557,买盘
11:24:43,53.86,0.0,73,393161,买盘
11:24:46,53.86,0.0,131,705449,买盘
11:24:48,53.86,0.0,60,323160,买盘
11:24:51,53.86,0.0,21,113090,买盘
11:24:54,53.86,0.0,17,91558,买盘
11:24:57,53.86,0.0,110,592457,买盘
11:25:01,53.86,0.0,77,414697,买盘
11:25:04,53.86,0.0,66,355442,买盘
11:25:07,53.86,0.0,20,107715,买盘
11:25:10,53.85,-0.01,28,150799,卖盘
11:25:12,53.86,0.01,27,145419,买盘
11:25:16,53.86,0.0,24,129250,买盘
11:25:18,53.86,0.0,83,447037,买盘
11:25:22,53.85,-0.01,80,430835,卖盘
11:25:25,53.86,0.01,96,516980,买盘
11:25:27,53.86,0.0,44,240431,买盘
11:25:31,53.86,0.0,27,145422,卖盘
11:25:34,53.87,0.01,3,16159,买盘
11:25:37,53.87,0.0,87,468587,买盘
11:25:40,53.87,0.0,14,75418,买盘
11:25:42,53.87,0.0,14,75419,卖盘
11:25:46,53.87,0.0,11,59257,卖盘
11:25:48,53.87,0.0,46,247829,卖盘
11:25:55,53.87,0.0,34,183204,卖盘
11:25:58,53.87,0.0,6,32328,卖盘
11:26:00,53.89,0.02,8,43112,买盘
11:26:04,53.88,-0.01,35,188611,卖盘
11:26:06,53.89,0.01,19,102382,买盘
11:26:10,53.89,0.0,53,285615,买盘
11:26:12,53.9,0.01,21,113168,买盘
11:26:15,53.89,-0.01,25,134744,卖盘
11:26:18,53.85,-0.04,335,1804514,卖盘
11:26:21,53.89,0.04,8,43112,卖盘
11:26:25,53.89,0.0,27,145507,买盘
11:26:27,53.89,0.0,31,167048,买盘
11:26:30,53.87,-0.02,15,80824,卖盘
11:26:33,53.89,0.02,39,210156,买盘
11:26:36,53.9,0.01,24,129350,买盘
11:26:39,53.9,0.0,45,242544,买盘
11:26:42,53.88,-0.02,107,576647,卖盘
11:26:45,53.87,-0.01,26,140087,卖盘
11:26:49,53.88,0.01,49,263999,买盘
11:26:51,53.88,0.0,3,16164,买盘
11:26:54,53.87,-0.01,69,371768,卖盘
11:26:58,53.87,0.0,85,457975,卖盘
11:27:00,53.88,0.01,13,70042,买盘
11:27:04,53.88,0.0,19,102368,买盘
11:27:07,53.88,0.0,32,172415,买盘
11:27:09,53.88,0.0,25,134698,买盘
11:27:13,53.88,0.0,76,409481,买盘
11:27:16,53.88,0.0,48,258624,买盘
11:27:19,53.89,0.01,1,5389,买盘
11:27:21,53.87,-0.02,165,888901,卖盘
11:27:24,53.87,0.0,35,188541,买盘
11:27:28,53.88,0.01,62,333995,买盘
11:27:31,53.86,-0.02,282,1518863,卖盘
11:27:33,53.86,0.0,22,118492,买盘
11:27:37,53.86,0.0,121,651623,买盘
11:27:40,53.86,0.0,14,75403,买盘
11:27:42,53.86,0.0,15,80787,买盘
11:27:46,53.86,0.0,13,70016,买盘
11:27:49,53.86,0.0,40,215424,买盘
11:27:52,53.86,0.0,127,684022,买盘
11:27:55,53.86,0.0,115,619403,买盘
11:27:58,53.88,0.02,11,59268,买盘
11:28:01,53.86,-0.02,14,75425,卖盘
11:28:04,53.89,0.03,5,26937,买盘
11:28:06,53.88,-0.01,3,16160,中性盘
11:28:10,53.89,0.01,53,285568,买盘
11:28:12,53.88,-0.01,55,296373,卖盘
11:28:16,53.87,-0.01,6,32328,卖盘
11:28:18,53.89,0.02,2,10778,买盘
11:28:21,53.89,0.0,4,21555,中性盘
11:28:25,53.89,0.0,12,64667,买盘
11:28:28,53.88,-0.01,7,37718,卖盘
11:28:30,53.88,0.0,8,43111,卖盘
11:28:34,53.88,0.0,13,70047,卖盘
11:28:36,53.89,0.01,10,53887,买盘
11:28:40,53.88,-0.01,98,528043,卖盘
11:28:43,53.88,0.0,22,118535,买盘
11:28:46,53.89,0.01,43,231723,买盘
11:28:48,53.89,0.0,4,21557,卖盘
11:28:52,53.9,0.01,7,37725,买盘
11:28:54,53.89,-0.01,15,80841,卖盘
11:28:57,53.9,0.01,11,59280,买盘
11:29:01,53.98,0.08,87,469515,买盘
11:29:04,53.9,-0.08,3,16170,卖盘
11:29:06,53.98,0.08,19,102450,买盘
11:29:10,53.91,-0.07,15,80861,卖盘
11:29:12,53.91,0.0,18,97050,买盘
11:29:15,53.9,-0.01,72,388167,卖盘
11:29:19,53.92,0.02,5,26974,中性盘
11:29:22,53.97,0.05,5,26975,中性盘
11:29:25,53.96,-0.01,10,53962,中性盘
11:29:28,53.97,0.01,21,113293,买盘
11:29:30,53.97,0.0,9,48576,卖盘
11:29:37,53.98,0.01,28,151135,买盘
11:29:40,53.98,0.0,25,134933,买盘
11:29:43,53.98,0.0,57,307684,买盘
11:29:45,53.98,0.0,26,141208,买盘
11:29:48,53.98,0.0,12,64769,买盘
11:29:52,53.98,0.0,3,16193,买盘
11:29:54,53.97,-0.01,11,58511,卖盘
11:29:57,53.98,0.01,124,669339,买盘
11:30:00,53.98,0.0,3,16194,买盘
13:00:01,53.98,0.0,40,216803,买盘
13:00:04,53.99,0.01,823,4441507,买盘
13:00:07,53.99,0.0,524,2826426,卖盘
13:00:10,54.0,0.01,128,691097,卖盘
13:00:12,53.98,-0.02,152,820180,卖盘
13:00:16,54.0,0.02,625,3376525,买盘
13:00:18,54.0,0.0,12,64792,买盘
13:00:22,53.98,-0.02,131,707183,卖盘
13:00:24,53.98,0.0,9,48580,买盘
13:00:27,53.98,0.0,65,350870,买盘
13:00:31,53.98,0.0,37,199719,买盘
13:00:34,53.96,-0.02,33,178088,卖盘
13:00:36,53.98,0.02,6,32385,买盘
13:00:39,53.98,0.0,172,928364,买盘
13:00:42,53.98,0.0,27,145712,买盘
13:00:45,53.96,-0.02,7,37772,卖盘
13:00:49,53.96,0.0,65,350820,卖盘
13:00:52,53.98,0.02,23,124150,买盘
13:00:54,53.98,0.0,1,5398,买盘
13:00:57,53.98,0.0,13,70161,买盘
13:01:00,53.96,-0.02,21,113324,卖盘
13:01:04,53.98,0.02,19,102561,买盘
13:01:07,53.97,-0.01,5,26988,卖盘
13:01:10,53.98,0.01,12,64775,买盘
13:01:13,53.97,-0.01,15,80951,买盘
13:01:16,53.96,-0.01,15,80951,卖盘
13:01:18,53.96,0.0,16,86336,卖盘
13:01:22,53.97,0.01,2,10794,买盘
13:01:25,53.97,0.0,14,75558,买盘
13:01:28,53.96,-0.01,17,91747,卖盘
13:01:30,53.97,0.01,8,43176,买盘
13:01:33,53.98,0.01,78,420944,买盘
13:01:36,53.97,-0.01,6,32382,卖盘
13:01:42,53.98,0.01,8,43183,买盘
13:01:51,54.0,0.02,47,253782,买盘
13:01:54,53.98,-0.02,58,313174,卖盘
13:01:58,53.97,-0.01,31,167311,卖盘
13:02:00,53.98,0.01,31,167338,买盘
13:02:04,53.97,-0.01,33,178122,卖盘
13:02:06,53.98,0.01,11,59377,买盘
13:02:10,53.98,0.0,52,280661,买盘
13:02:13,53.98,0.0,70,377860,买盘
13:02:16,53.97,-0.01,7,37779,卖盘
13:02:18,53.97,0.0,47,253684,卖盘
13:02:21,53.97,0.0,71,383252,卖盘
13:02:25,53.97,0.0,30,161930,卖盘
13:02:27,53.97,0.0,54,291479,卖盘
13:02:31,53.98,0.01,21,113358,买盘
13:02:34,53.98,0.0,6,32384,买盘
13:02:36,53.97,-0.01,4,21589,卖盘
13:02:39,53.98,0.01,36,194321,买盘
13:02:42,53.98,0.0,17,91751,买盘
13:02:45,53.98,0.0,23,124158,买盘
13:02:48,53.97,-0.01,3,16193,卖盘
13:02:51,53.98,0.01,1,5398,买盘
13:02:54,53.98,0.0,11,59378,卖盘
13:02:58,53.98,0.0,17,91771,卖盘
13:03:01,53.98,0.0,34,183540,卖盘
13:03:05,54.0,0.02,9,48600,买盘
13:03:06,54.0,0.0,3,16198,买盘
13:03:09,53.98,-0.02,30,161940,卖盘
13:03:13,54.0,0.02,7,37796,买盘
13:03:15,53.99,-0.01,2,10798,卖盘
13:03:18,53.98,-0.01,34,183549,卖盘
13:03:22,54.0,0.02,20,107998,买盘
13:03:24,54.0,0.0,1,5400,买盘
13:03:30,54.0,0.0,7,37800,买盘
13:03:34,53.99,-0.01,3,16198,卖盘
13:03:36,54.0,0.01,11,57510,卖盘
13:03:40,54.0,0.0,30,162104,卖盘
13:03:43,54.0,0.0,35,189000,买盘
13:03:45,54.0,0.0,16,86399,买盘
13:03:48,54.0,0.0,18,97200,买盘
13:03:52,54.0,0.0,19,102590,买盘
13:03:54,54.0,0.0,25,135807,买盘
13:03:57,54.0,0.0,59,318595,买盘
13:04:00,54.0,0.0,13,70190,买盘
13:04:04,54.0,0.0,3,16200,买盘
13:04:07,53.99,-0.01,28,151184,卖盘
13:04:10,54.0,0.01,20,107997,买盘
13:04:13,53.99,-0.01,60,323999,卖盘
13:04:15,54.0,0.01,18,95302,买盘
13:04:19,54.0,0.0,28,151189,买盘
13:04:21,54.0,0.0,19,102600,买盘
13:04:24,53.99,-0.01,53,286153,卖盘
13:04:27,54.0,0.01,13,70199,买盘
13:04:30,54.0,0.0,63,340199,买盘
13:04:33,54.03,0.03,173,934549,买盘
13:04:37,54.03,0.0,8,43224,卖盘
13:04:40,54.05,0.02,132,713337,买盘
13:04:42,54.04,-0.01,23,124314,中性盘
13:04:46,54.03,-0.01,35,189131,卖盘
13:04:49,54.04,0.01,7,37828,买盘
13:04:52,54.04,0.0,2,10808,买盘
13:04:55,54.04,0.0,6,32424,买盘
13:04:58,54.04,0.0,16,86461,买盘
13:05:00,54.04,0.0,20,108078,买盘
13:05:05,54.04,0.0,41,221564,买盘
13:05:07,54.04,0.0,99,537637,买盘
13:05:10,54.04,0.0,8,43232,卖盘
13:05:12,54.05,0.01,57,308080,买盘
13:05:16,54.04,-0.01,15,81073,卖盘
13:05:18,54.05,0.01,28,151334,买盘
13:05:21,54.05,0.0,11,59453,买盘
13:05:25,54.05,0.0,5,27022,买盘
13:05:28,54.05,0.0,18,97285,买盘
13:05:31,54.05,0.0,15,81075,卖盘
13:05:34,54.06,0.01,2,10812,买盘
13:05:37,54.08,0.02,240,1296545,买盘
13:05:39,54.05,-0.03,100,540688,卖盘
13:05:42,54.06,0.01,8,43247,中性盘
13:05:45,54.06,0.0,5,27033,卖盘
13:05:48,54.07,0.01,6,32437,中性盘
13:05:51,54.08,0.01,178,962445,买盘
13:05:55,54.08,0.0,7,37856,买盘
13:05:57,54.08,0.0,21,113568,买盘
13:06:00,54.08,0.0,15,81121,卖盘
13:06:04,54.06,-0.02,81,437942,卖盘
13:06:07,54.05,-0.01,9,48652,卖盘
13:06:10,54.06,0.01,11,59466,买盘
13:06:12,54.07,0.01,4,21626,买盘
13:06:16,54.07,0.0,19,102741,买盘
13:06:18,54.06,-0.01,10,54063,卖盘
13:06:21,54.07,0.01,1,5407,买盘
13:06:24,54.1,0.03,171,924911,买盘
13:06:30,54.1,0.0,50,270420,买盘
13:06:34,54.1,0.0,142,768085,买盘
13:06:37,54.1,0.0,10,54092,买盘
13:06:39,54.08,-0.02,25,135216,卖盘
13:06:42,54.08,0.0,5,27040,买盘
13:06:45,54.08,0.0,3,16224,买盘
13:06:49,54.08,0.0,8,43262,买盘
13:06:51,54.08,0.0,23,124384,买盘
13:06:54,54.08,0.0,3,16224,卖盘
13:06:57,54.08,0.0,3,16226,卖盘
13:07:00,54.1,0.02,8,43268,买盘
13:07:04,54.08,-0.02,20,108176,卖盘
13:07:06,54.08,0.0,26,140650,卖盘
13:07:09,54.1,0.02,25,135240,买盘
13:07:12,54.1,0.0,2,10820,买盘
13:07:15,54.08,-0.02,27,146062,卖盘
13:07:18,54.08,0.0,14,75732,卖盘
13:07:21,54.08,0.0,10,54092,卖盘
13:07:24,54.09,0.01,21,113589,买盘
13:07:28,54.09,0.0,8,43272,买盘
13:07:31,54.09,0.0,20,108193,买盘
13:07:33,54.09,0.0,1,5409,卖盘
13:07:36,54.09,0.0,17,91953,卖盘
13:07:39,54.1,0.01,52,281268,买盘
13:07:42,54.1,0.0,11,59512,卖盘
13:07:45,54.11,0.01,10,54102,买盘
13:07:48,54.1,-0.01,12,64920,卖盘
13:07:52,54.1,0.0,3,16230,买盘
13:07:55,54.09,-0.01,3,16229,卖盘
13:07:57,54.09,0.0,6,32458,卖盘
13:08:00,54.09,0.0,102,551718,买盘
13:08:05,54.09,0.0,6,32454,买盘
13:08:07,54.08,-0.01,10,54085,卖盘
13:08:10,54.08,0.0,26,140631,卖盘
13:08:13,54.08,0.0,74,400264,卖盘
13:08:15,54.07,-0.01,62,335293,卖盘
13:08:19,54.08,0.01,59,319082,卖盘
13:08:22,54.08,0.0,23,124384,买盘
13:08:25,54.08,0.0,1,5408,买盘
13:08:27,54.08,0.0,6,32443,买盘
13:08:30,54.09,0.01,1,5409,买盘
13:08:33,54.08,-0.01,15,81120,卖盘
13:08:40,54.08,0.0,4,21630,买盘
13:08:43,54.08,0.0,104,562265,买盘
13:08:45,54.08,0.0,14,75712,买盘
13:08:48,54.08,0.0,6,32447,买盘
13:08:52,54.08,0.0,57,308253,买盘
13:08:55,54.08,0.0,21,113567,买盘
13:08:57,54.08,0.0,8,43264,买盘
13:09:00,54.09,0.01,26,140622,买盘
13:09:04,54.08,-0.01,15,81120,卖盘
13:09:07,54.09,0.01,3,16226,买盘
13:09:10,54.08,-0.01,17,91946,卖盘
13:09:13,54.09,0.01,2,10817,买盘
13:09:16,54.08,-0.01,20,108177,卖盘
13:09:19,54.08,0.0,9,48673,卖盘
13:09:21,54.08,0.0,20,108179,卖盘
13:09:25,54.09,0.01,18,97362,买盘
13:09:28,54.09,0.0,6,32454,买盘
13:09:31,54.08,-0.01,13,70309,卖盘
13:09:33,54.09,0.01,1,5409,买盘
13:09:36,54.09,0.0,21,113579,买盘
13:09:39,54.1,0.01,57,308961,买盘
13:09:42,54.09,-0.01,5,27047,卖盘
13:09:45,54.09,0.0,2,10818,卖盘
13:09:48,54.1,0.01,14,75739,买盘
13:09:51,54.1,0.0,7,37869,买盘
13:09:54,54.09,-0.01,46,248824,卖盘
13:09:57,54.09,0.0,48,258984,卖盘
13:10:00,54.1,0.01,267,1444292,买盘
13:10:04,54.09,-0.01,15,81138,中性盘
13:10:06,54.09,0.0,54,292113,买盘
13:10:09,54.08,-0.01,10,54089,卖盘
13:10:16,54.1,0.02,16,86559,买盘
13:10:19,54.09,-0.01,2,10818,卖盘
13:10:22,54.09,0.0,10,54092,卖盘
13:10:24,54.1,0.01,1,5410,买盘
13:10:27,54.09,-0.01,17,91957,卖盘
13:10:30,54.09,0.0,15,81135,卖盘
13:10:33,54.1,0.01,21,113609,买盘
13:10:36,54.09,-0.01,82,443558,卖盘
13:10:40,54.09,0.0,8,43272,买盘
13:10:42,54.09,0.0,49,265041,买盘
13:10:46,54.09,0.0,18,97367,卖盘
13:10:49,54.09,0.0,36,194725,卖盘
13:10:52,54.09,0.0,5,27049,卖盘
13:10:55,54.09,0.0,61,329951,卖盘
13:10:57,54.1,0.01,62,335414,买盘
13:11:05,54.09,-0.01,4,21639,卖盘
13:11:07,54.08,-0.01,17,91953,卖盘
13:11:10,54.09,0.01,6,32451,卖盘
13:11:12,54.09,0.0,18,97362,买盘
13:11:15,54.09,0.0,39,210954,买盘
13:11:19,54.08,-0.01,8,43270,卖盘
13:11:21,54.08,0.0,16,86536,卖盘
13:11:24,54.08,0.0,43,232544,卖盘
13:11:28,54.09,0.01,216,1168336,买盘
13:11:31,54.08,-0.01,30,162246,卖盘
13:11:33,54.08,0.0,10,54082,卖盘
13:11:36,54.07,-0.01,123,665185,卖盘
13:11:39,54.08,0.01,7,37858,中性盘
13:11:42,54.07,-0.01,19,102735,卖盘
13:11:49,54.07,0.0,7,37850,卖盘
13:11:51,54.06,-0.01,5,27034,卖盘
13:11:55,54.06,0.0,31,167586,卖盘
13:11:58,54.06,0.0,22,118934,卖盘
13:12:01,54.06,0.0,26,140560,卖盘
13:12:05,54.07,0.01,13,70286,买盘
13:12:07,54.07,0.0,17,91908,买盘
13:12:10,54.07,0.0,5,27031,买盘
13:12:12,54.07,0.0,94,508224,买盘
13:12:15,54.07,0.0,39,210840,买盘
13:12:18,54.08,0.01,30,162211,买盘
13:12:22,54.07,-0.01,8,43258,中性盘
13:12:25,54.05,-0.02,18,97309,卖盘
13:12:27,54.07,0.02,3,16221,中性盘
13:12:31,54.07,0.0,30,162170,买盘
13:12:34,54.07,0.0,4,21628,卖盘
13:12:37,54.08,0.01,24,129765,买盘
13:12:39,54.07,-0.01,14,75692,卖盘
13:12:43,54.05,-0.02,36,194592,卖盘
13:12:45,54.07,0.02,4,21628,买盘
13:12:48,54.07,0.0,51,275659,买盘
13:12:51,54.07,0.0,60,324385,买盘
13:12:54,54.05,-0.02,3,16215,卖盘
13:12:57,54.07,0.02,8,43254,买盘
13:13:00,54.05,-0.02,55,297293,卖盘
13:13:04,54.05,0.0,26,140552,卖盘
13:13:06,54.06,0.01,14,75671,中性盘
13:13:09,54.05,-0.01,5,27025,卖盘
13:13:13,54.05,0.0,74,399981,卖盘
13:13:15,54.05,0.0,55,297301,卖盘
13:13:18,54.06,0.01,7,37842,买盘
13:13:21,54.05,-0.01,315,1703554,卖盘
13:13:24,54.05,0.0,90,486338,买盘
13:13:28,54.04,-0.01,10,54043,中性盘
13:13:30,54.05,0.01,35,189039,买盘
13:13:33,54.01,-0.04,101,545421,卖盘
13:13:37,54.01,0.0,4,21603,买盘
13:13:39,54.01,0.0,65,351006,买盘
13:13:43,54.0,-0.01,37,199800,卖盘
13:13:45,54.01,0.01,127,685804,卖盘
13:13:48,54.01,0.0,32,172832,买盘
13:13:52,54.01,0.0,33,178211,买盘
13:13:55,54.0,-0.01,3,16201,卖盘
13:13:57,54.01,0.01,28,151221,买盘
13:14:01,54.0,-0.01,22,118800,卖盘
13:14:04,54.0,0.0,6,32404,卖盘
13:14:07,54.01,0.01,16,86414,买盘
13:14:10,54.01,0.0,26,140412,买盘
13:14:13,54.01,0.0,16,86411,买盘
13:14:16,54.01,0.0,6,32406,卖盘
13:14:18,54.01,0.0,49,264649,卖盘
13:14:21,54.02,0.01,13,70218,买盘
13:14:24,54.01,-0.01,67,361848,卖盘
13:14:27,54.02,0.01,1,5402,买盘
13:14:30,54.01,-0.01,5,27005,卖盘
13:14:33,54.02,0.01,6,32410,买盘
13:14:36,54.01,-0.01,2,10802,卖盘
13:14:40,54.02,0.01,30,162036,买盘
13:14:42,54.0,-0.02,128,691248,卖盘
13:14:45,54.01,0.01,5,27001,买盘
13:14:49,54.0,-0.01,5,27000,卖盘
13:14:52,54.0,0.0,7,37803,卖盘
13:14:58,54.0,0.0,4,21600,卖盘
13:15:01,54.01,0.01,55,297051,买盘
13:15:05,54.0,-0.01,6,32402,卖盘
13:15:07,54.01,0.01,12,64810,买盘
13:15:10,54.01,0.0,26,140402,买盘
13:15:12,54.0,-0.01,2,10800,卖盘
13:15:16,54.01,0.01,3,16203,买盘
13:15:18,54.0,-0.01,194,1047785,卖盘
13:15:22,54.01,0.01,38,205227,买盘
13:15:24,54.0,-0.01,11,59406,卖盘
13:15:28,54.0,0.0,15,81007,卖盘
13:15:31,54.0,0.0,16,86414,卖盘
13:15:34,54.0,0.0,9,48600,卖盘
13:15:37,54.01,0.01,13,70203,买盘
13:15:39,54.0,-0.01,27,145807,卖盘
13:15:42,54.01,0.01,4,21603,买盘
13:15:46,54.0,-0.01,8,43200,卖盘
13:15:48,54.01,0.01,4,21604,买盘
13:15:52,54.01,0.0,85,459055,买盘
13:15:55,54.01,0.0,4,21604,买盘
13:15:57,54.01,0.0,5,27005,买盘
13:16:04,54.01,0.0,10,54010,买盘
13:16:07,54.0,-0.01,43,232216,卖盘
13:16:10,54.01,0.01,26,140425,买盘
13:16:12,54.01,0.0,12,64812,买盘
13:16:16,54.01,0.0,2,10802,买盘
13:16:18,54.01,0.0,16,86416,买盘
13:16:22,54.01,0.0,21,113401,买盘
13:16:25,54.01,0.0,69,372659,买盘
13:16:30,54.0,-0.01,227,1225800,卖盘
13:16:34,54.0,0.0,36,194401,卖盘
13:16:37,53.99,-0.01,1,5399,卖盘
13:16:39,54.0,0.01,2,10800,买盘
13:16:43,54.0,0.0,4,21598,买盘
13:16:45,54.0,0.0,11,59397,买盘
13:16:48,54.0,0.0,65,350998,买盘
13:16:52,54.0,0.0,3,16200,买盘
13:16:54,54.0,0.0,14,75588,买盘
13:16:58,54.0,0.0,8,43199,买盘
13:17:01,53.99,-0.01,53,286147,卖盘
13:17:04,53.99,0.0,17,91787,卖盘
13:17:07,54.0,0.01,25,134997,买盘
13:17:09,53.99,-0.01,122,658789,卖盘
13:17:12,53.99,0.0,22,118781,卖盘
13:17:15,53.99,0.0,62,332220,卖盘
13:17:19,53.99,0.0,29,156571,买盘
13:17:21,53.99,0.0,38,205161,买盘
13:17:24,53.99,0.0,21,113377,买盘
13:17:27,53.99,0.0,25,134973,买盘
13:17:30,53.99,0.0,1,5399,买盘
13:17:33,53.99,0.0,9,48591,买盘
13:17:36,53.98,-0.01,15,80975,卖盘
13:17:40,53.99,0.01,5,26995,买盘
13:17:42,53.99,0.0,50,269919,买盘
13:17:46,53.98,-0.01,10,53980,卖盘
13:17:49,53.98,0.0,16,86368,卖盘
13:17:51,53.98,0.0,8,43185,卖盘
13:17:55,53.99,0.01,4,21596,买盘
13:17:57,53.99,0.0,40,215960,买盘
13:18:01,53.99,0.0,3,16197,买盘
13:18:04,53.98,-0.01,8,43188,卖盘
13:18:07,53.99,0.01,47,253747,买盘
13:18:10,53.98,-0.01,5,26990,卖盘
13:18:12,53.99,0.01,23,124158,买盘
13:18:15,53.99,0.0,10,53989,买盘
13:18:21,53.99,0.0,53,286146,买盘
13:18:24,53.99,0.0,3,16197,买盘
13:18:27,53.99,0.0,13,70187,买盘
13:18:31,53.99,0.0,24,129563,买盘
13:18:34,53.99,0.0,3,16197,买盘
13:18:36,53.99,0.0,2,10798,买盘
13:18:39,53.99,0.0,6,32393,买盘
13:18:42,53.99,0.0,21,113378,买盘
13:18:45,53.98,-0.01,16,86372,卖盘
13:18:48,53.99,0.01,122,658565,买盘
13:18:51,53.99,0.0,15,80973,买盘
13:18:54,53.98,-0.01,11,59388,卖盘
13:18:57,53.98,0.0,16,86380,卖盘
13:19:04,53.98,0.0,4,21593,卖盘
13:19:07,53.98,0.0,15,80974,卖盘
13:19:10,53.99,0.01,44,237534,买盘
13:19:12,53.98,-0.01,9,48587,卖盘
13:19:16,53.99,0.01,21,113379,买盘
13:19:18,53.98,-0.01,33,178159,卖盘
13:19:22,53.98,0.0,8,43188,卖盘
13:19:24,53.99,0.01,15,80975,买盘
13:19:27,53.98,-0.01,31,167355,卖盘
13:19:30,53.99,0.01,8,43192,买盘
13:19:33,53.99,0.0,13,70187,买盘
13:19:36,53.99,0.0,8,43191,买盘
13:19:39,53.99,0.0,56,302339,买盘
13:19:42,53.99,0.0,13,70187,买盘
13:19:45,53.99,0.0,25,134975,买盘
13:19:48,53.98,-0.01,130,700783,卖盘
13:19:51,53.99,0.01,35,188965,买盘
13:19:54,53.99,0.0,18,97179,买盘
13:19:58,53.99,0.0,13,70187,买盘
13:20:00,53.99,0.0,60,323889,买盘
13:20:04,53.99,0.0,18,97179,买盘
13:20:07,53.99,0.0,8,43194,卖盘
13:20:10,54.0,0.01,12,64800,买盘
13:20:12,54.0,0.0,21,113400,买盘
13:20:15,53.99,-0.01,22,118786,卖盘
13:20:19,54.0,0.01,11,59399,买盘
13:20:22,54.0,0.0,23,124200,买盘
13:20:24,54.0,0.0,6,32400,买盘
13:20:27,54.0,0.0,18,97199,买盘
13:20:30,53.99,-0.01,133,718093,卖盘
13:20:33,54.0,0.01,5,27000,买盘
13:20:36,54.0,0.0,115,620982,买盘
13:20:39,54.01,0.01,7,40339,买盘
13:20:42,54.0,-0.01,4,21600,卖盘
13:20:46,54.0,0.0,3,16200,卖盘
13:20:49,54.0,0.0,15,81013,卖盘
13:20:52,54.01,0.01,16,86413,买盘
13:20:55,54.01,0.0,207,1117806,买盘
13:20:58,54.01,0.0,34,182331,买盘
13:21:01,54.01,0.0,90,486059,卖盘
13:21:04,54.01,0.0,4,21604,卖盘
13:21:07,54.02,0.01,13,70226,买盘
13:21:10,54.02,0.0,6,32412,买盘
13:21:13,54.02,0.0,8,43217,卖盘
13:21:15,54.02,0.0,7,37816,卖盘
13:21:19,54.03,0.01,24,129658,买盘
13:21:21,54.03,0.0,24,129670,买盘
13:21:24,54.03,0.0,16,86441,买盘
13:21:28,54.03,0.0,49,264747,买盘
13:21:31,54.03,0.0,8,43224,买盘
13:21:34,54.03,0.0,50,270150,买盘
13:21:37,54.03,0.0,28,151268,买盘
13:21:39,54.03,0.0,28,151284,买盘
13:21:42,54.03,0.0,28,151282,买盘
13:21:45,54.03,0.0,73,394364,买盘
13:21:48,54.03,0.0,3,19829,买盘
13:21:51,54.03,0.0,2,10806,卖盘
13:21:55,54.04,0.01,5,27020,买盘
13:21:58,54.05,0.01,2,10809,买盘
13:22:01,54.05,0.0,1,5405,买盘
13:22:05,54.05,0.0,6,32430,买盘
13:22:07,54.05,0.0,30,162149,买盘
13:22:10,54.05,0.0,22,118910,买盘
13:22:13,54.09,0.04,248,1341381,买盘
13:22:16,54.09,0.0,8,43272,卖盘
13:22:18,54.09,0.0,62,335358,卖盘
13:22:22,54.09,0.0,37,200126,卖盘
13:22:24,54.09,0.0,14,75726,买盘
13:22:27,54.09,0.0,4,21636,买盘
13:22:31,54.1,0.01,68,367840,买盘
13:22:33,54.08,-0.02,23,124406,卖盘
13:22:36,54.09,0.01,48,259626,买盘
13:22:39,54.1,0.01,8,43280,买盘
13:22:46,54.1,0.0,5,27051,中性盘
13:22:49,54.1,0.0,2,10820,卖盘
13:22:51,54.11,0.01,18,97386,买盘
13:22:54,54.11,0.0,11,59521,买盘
13:22:58,54.11,0.0,30,162330,买盘
13:23:00,54.11,0.0,77,416645,买盘
13:23:05,54.11,0.0,28,151498,买盘
13:23:07,54.11,0.0,5,27055,买盘
13:23:10,54.12,0.01,21,113651,买盘
13:23:12,54.12,0.0,15,81176,买盘
13:23:15,54.11,-0.01,5,27058,卖盘
13:23:18,54.12,0.01,35,189417,买盘
13:23:21,54.12,0.0,18,97416,卖盘
13:23:24,54.12,0.0,4,21648,卖盘
13:23:28,54.13,0.01,7,37888,买盘
13:23:31,54.12,-0.01,39,211069,卖盘
13:23:33,54.12,0.0,30,162360,买盘
13:23:37,54.13,0.01,43,232750,买盘
13:23:40,54.12,-0.01,26,140712,卖盘
13:23:43,54.13,0.01,36,194841,买盘
13:23:46,54.11,-0.02,30,162343,卖盘
13:23:49,54.13,0.02,94,508743,买盘
13:23:51,54.11,-0.02,40,216454,卖盘
13:23:54,54.14,0.03,114,617061,买盘
13:23:57,54.11,-0.03,18,97407,卖盘
13:24:05,54.13,0.02,41,221896,买盘
13:24:07,54.13,0.0,59,319305,买盘
13:24:10,54.12,-0.01,39,211087,卖盘
13:24:12,54.13,0.01,2,10826,买盘
13:24:16,54.12,-0.01,71,384242,卖盘
13:24:18,54.13,0.01,6,32477,买盘
13:24:22,54.13,0.0,4,21648,买盘
13:24:24,54.12,-0.01,58,313947,卖盘
13:24:28,54.12,0.0,15,81183,卖盘
13:24:31,54.12,0.0,58,313896,买盘
13:24:34,54.11,-0.01,50,270592,卖盘
13:24:37,54.13,0.02,45,243503,买盘
13:24:39,54.12,-0.01,12,64955,卖盘
13:24:43,54.13,0.01,11,59538,买盘
13:24:46,54.13,0.0,54,292325,卖盘
13:24:49,54.14,0.01,97,525112,买盘
13:24:52,54.15,0.01,53,286939,买盘
13:24:54,54.13,-0.02,63,341079,卖盘
13:24:57,54.15,0.02,4,21657,买盘
13:25:00,54.14,-0.01,2,10828,卖盘
13:25:04,54.14,0.0,20,108289,卖盘
13:25:07,54.14,0.0,23,124527,卖盘
13:25:10,54.14,0.0,4,21656,买盘
13:25:12,54.14,0.0,3,16241,买盘
13:25:16,54.13,-0.01,44,238199,卖盘
13:25:19,54.13,0.0,39,211145,卖盘
13:25:21,54.13,0.0,36,194898,卖盘
13:25:25,54.13,0.0,47,254394,卖盘
13:25:28,54.13,0.0,11,59550,中性盘
13:25:30,54.15,0.02,206,1115473,买盘
13:25:33,54.14,-0.01,1,5414,买盘
13:25:36,54.14,0.0,96,519550,买盘
13:25:39,54.14,0.0,20,108280,买盘
13:25:42,54.14,0.0,118,638848,买盘
13:25:45,54.12,-0.02,62,335604,卖盘
13:25:48,54.12,0.0,10,54120,买盘
13:25:52,54.12,0.0,2,10824,买盘
13:25:55,54.11,-0.01,19,102828,卖盘
13:25:58,54.11,0.0,6,32466,卖盘
13:26:01,54.11,0.0,17,91988,卖盘
13:26:05,54.11,0.0,26,140721,卖盘
13:26:07,54.13,0.02,22,119084,买盘
13:26:10,54.11,-0.02,15,81165,卖盘
13:26:12,54.13,0.02,33,178583,买盘
13:26:16,54.13,0.0,30,162328,买盘
13:26:18,54.12,-0.01,16,86568,买盘
13:26:21,54.12,0.0,45,243576,买盘
13:26:24,54.12,0.0,53,286798,买盘
13:26:28,54.11,-0.01,37,200224,买盘
13:26:31,54.11,0.0,1,5411,买盘
13:26:34,54.1,-0.01,303,1639230,卖盘
13:26:36,54.1,0.0,38,205582,卖盘
13:26:40,54.11,0.01,54,292169,买盘
13:26:42,54.11,0.0,7,37871,买盘
13:26:46,54.11,0.0,129,697870,买盘
13:26:49,54.08,-0.03,19,102770,卖盘
13:26:52,54.09,0.01,11,59500,中性盘
13:26:55,54.07,-0.02,32,173045,卖盘
13:26:58,54.08,0.01,1,5408,买盘
13:27:00,54.08,0.0,52,281177,买盘
13:27:04,54.07,-0.01,10,54070,卖盘
13:27:06,54.07,0.0,27,145964,买盘
13:27:09,54.06,-0.01,22,118932,卖盘
13:27:12,54.06,0.0,4,21624,买盘
13:27:15,54.05,-0.01,52,281078,卖盘
13:27:18,54.06,0.01,9,48654,买盘
13:27:21,54.06,0.0,4,21624,买盘
13:27:24,54.05,-0.01,19,102697,卖盘
13:27:27,54.06,0.01,15,81082,中性盘
13:27:31,54.07,0.01,4,21626,买盘
13:27:33,54.06,-0.01,19,102715,卖盘
13:27:37,54.07,0.01,16,86496,买盘
13:27:40,54.08,0.01,32,173045,买盘
13:27:43,54.06,-0.02,7,37843,卖盘
13:27:45,54.06,0.0,24,129719,买盘
13:27:49,54.06,0.0,6,32435,买盘
13:27:51,54.06,0.0,23,124336,买盘
13:27:55,54.05,-0.01,18,97295,卖盘
13:27:57,54.06,0.01,23,124326,买盘
13:28:01,54.05,-0.01,7,37835,卖盘
13:28:04,54.06,0.01,70,378407,买盘
13:28:07,54.06,0.0,2,10811,买盘
13:28:10,54.05,-0.01,12,64865,卖盘
13:28:12,54.05,0.0,6,32430,买盘
13:28:16,54.04,-0.01,31,167524,卖盘
13:28:18,54.04,0.0,6,32428,卖盘
13:28:22,54.05,0.01,30,162150,买盘
13:28:24,54.05,0.0,22,118896,买盘
13:28:27,54.04,-0.01,12,64851,卖盘
13:28:30,54.04,0.0,9,48636,买盘
13:28:33,54.04,0.0,22,118887,买盘
13:28:36,54.04,0.0,23,124270,买盘
13:28:39,54.04,0.0,24,129683,买盘
13:28:43,54.03,-0.01,15,81046,卖盘
13:28:46,54.04,0.01,31,167488,买盘
13:28:49,54.02,-0.02,36,194474,卖盘
13:28:51,54.02,0.0,51,275508,卖盘
13:28:54,54.02,0.0,56,302512,卖盘
13:28:57,54.04,0.02,21,113465,买盘
13:29:04,54.04,0.0,3,16212,买盘
13:29:06,54.02,-0.02,24,129648,卖盘
13:29:09,54.02,0.0,11,59442,卖盘
13:29:12,54.02,0.0,8,43216,卖盘
13:29:15,54.02,0.0,50,266466,卖盘
13:29:18,54.02,0.0,43,232286,买盘
13:29:21,54.02,0.0,4,21608,买盘
13:29:24,54.01,-0.01,54,291664,卖盘
13:29:28,54.02,0.01,1,5402,买盘
13:29:31,54.01,-0.01,9,48616,卖盘
13:29:34,54.02,0.01,5,27007,买盘
13:29:37,54.02,0.0,19,102620,买盘
13:29:40,54.01,-0.01,99,534726,卖盘
13:29:43,54.02,0.01,7,37810,买盘
13:29:45,54.01,-0.01,76,410478,卖盘
13:29:48,54.0,-0.01,8,43205,卖盘
13:29:51,54.01,0.01,3,16203,买盘
13:29:55,54.0,-0.01,21,113406,卖盘
13:29:57,54.01,0.01,6,32405,卖盘
13:30:01,54.01,0.0,1,5401,卖盘
13:30:05,54.0,-0.01,130,702117,卖盘
13:30:07,54.0,0.0,7,37802,卖盘
13:30:09,54.0,0.0,1,5400,卖盘
13:30:12,54.0,0.0,9,48601,卖盘
13:30:15,54.0,0.0,88,475202,卖盘
13:30:19,54.01,0.01,15,81012,买盘
13:30:21,54.0,-0.01,2,10801,卖盘
13:30:25,54.01,0.01,61,329432,买盘
13:30:28,54.01,0.0,44,237602,买盘
13:30:30,54.01,0.0,46,251749,买盘
13:30:34,54.0,-0.01,13,70207,卖盘
13:30:36,54.01,0.01,60,324019,买盘
13:30:39,54.0,-0.01,14,70799,卖盘
13:30:43,54.01,0.01,32,172832,买盘
13:30:45,54.0,-0.01,30,162000,卖盘
13:30:49,54.01,0.01,22,119359,买盘
13:30:51,54.01,0.0,92,496862,买盘
13:30:54,54.01,0.0,5,27005,买盘
13:30:57,54.01,0.0,88,475280,买盘
13:31:01,54.0,-0.01,9,48603,卖盘
13:31:04,54.0,0.0,84,453662,卖盘
13:31:07,54.01,0.01,31,167429,买盘
13:31:09,54.01,0.0,46,248446,买盘
13:31:12,54.02,0.01,57,307815,买盘
13:31:15,54.01,-0.01,16,86430,卖盘
13:31:19,54.02,0.01,1,5402,买盘
13:31:22,54.02,0.0,1,5402,买盘
13:31:24,54.02,0.0,31,167459,买盘
13:31:28,54.02,0.0,93,502386,买盘
13:31:31,54.01,-0.01,32,172862,卖盘
13:31:33,54.03,0.02,6,36031,卖盘
13:31:36,54.01,-0.02,3,16204,卖盘
13:31:39,54.03,0.02,11,59433,买盘
13:31:43,54.03,0.0,3,16208,买盘
13:31:46,54.03,0.0,1,5403,买盘
13:31:49,54.04,0.01,31,167507,买盘
13:31:51,54.02,-0.02,56,302540,卖盘
13:31:54,54.02,0.0,15,81030,买盘
13:31:58,54.02,0.0,7,37818,买盘
13:32:00,54.02,0.0,10,54020,卖盘
13:32:04,54.04,0.02,17,91852,买盘
13:32:07,54.02,-0.02,4,21614,卖盘
13:32:10,54.04,0.02,1,5404,卖盘
13:32:13,54.04,0.0,1,5404,卖盘
13:32:16,54.04,0.0,3,16213,卖盘
13:32:22,54.03,-0.01,1,5403,卖盘
13:32:24,54.03,0.0,11,59433,买盘
13:32:28,54.03,0.0,13,70239,买盘
13:32:30,54.03,0.0,8,43222,买盘
13:32:33,54.02,-0.01,82,443024,卖盘
13:32:37,54.03,0.01,18,98110,买盘
13:32:40,54.03,0.0,5,27012,买盘
13:32:43,54.02,-0.01,4,21608,卖盘
13:32:45,54.02,0.0,32,172872,卖盘
13:32:49,54.03,0.01,11,59431,买盘
13:32:52,54.03,0.0,8,43221,买盘
13:32:54,54.03,0.0,27,145874,买盘
13:32:57,54.02,-0.01,9,48623,卖盘
13:33:00,54.03,0.01,43,232329,买盘
13:33:06,54.02,-0.01,12,62130,卖盘
13:33:12,54.02,0.0,4,21610,卖盘
13:33:16,54.02,0.0,33,178328,卖盘
13:33:18,54.03,0.01,55,297117,买盘
13:33:22,54.02,-0.01,81,437568,卖盘
13:33:25,54.03,0.01,8,45541,买盘
13:33:28,54.02,-0.01,14,75628,卖盘
13:33:30,54.02,0.0,13,69688,卖盘
13:33:34,54.02,0.0,5,27010,买盘
13:33:36,54.01,-0.01,76,411077,卖盘
13:33:39,54.01,0.0,7,37813,卖盘
13:33:43,54.02,0.01,5,27010,买盘
13:33:46,54.01,-0.01,24,129625,卖盘
13:33:49,54.01,0.0,6,32411,卖盘
13:33:52,54.02,0.01,7,37814,买盘
13:33:55,54.01,-0.01,5,27006,卖盘
13:33:57,54.01,0.0,15,81029,卖盘
13:34:00,54.02,0.01,3,16206,买盘
13:34:04,54.01,-0.01,19,102621,卖盘
13:34:06,54.01,0.0,22,118824,卖盘
13:34:09,54.01,0.0,4,21606,卖盘
13:34:12,54.02,0.01,3,16204,买盘
13:34:15,54.02,0.0,215,1161442,买盘
13:34:18,54.02,0.0,12,64824,卖盘
13:34:21,54.03,0.01,6,32415,买盘
13:34:24,54.02,-0.01,12,64823,卖盘
13:34:28,54.02,0.0,17,91820,买盘
13:34:31,54.03,0.01,31,167469,买盘
13:34:34,54.01,-0.02,7,37809,卖盘
13:34:36,54.02,0.01,1,5402,卖盘
13:34:39,54.02,0.0,18,97238,卖盘
13:34:43,54.03,0.01,6,32418,买盘
13:34:46,54.02,-0.01,23,124246,卖盘
13:34:48,54.02,0.0,19,102638,买盘
13:34:52,54.02,0.0,2,10805,中性盘
13:34:54,54.02,0.0,22,118863,卖盘
13:34:58,54.03,0.01,25,135072,买盘
13:35:00,54.02,-0.01,46,245795,卖盘
13:35:04,54.03,0.01,5,27014,买盘
13:35:07,54.03,0.0,5,27014,买盘
13:35:10,54.02,-0.01,22,118916,卖盘
13:35:13,54.02,0.0,20,108049,卖盘
13:35:16,54.02,0.0,28,151279,卖盘
13:35:19,54.02,0.0,29,156682,卖盘
13:35:24,54.02,0.0,27,145864,卖盘
13:35:28,54.03,0.01,1,5403,买盘
13:35:30,54.03,0.0,3,16208,买盘
13:35:34,54.02,-0.01,41,223861,卖盘
13:35:37,54.03,0.01,107,578117,买盘
13:35:39,54.03,0.0,114,615942,买盘
13:35:43,54.03,0.0,1,5403,卖盘
13:35:46,54.03,0.0,14,75645,卖盘
13:35:48,54.04,0.01,10,54028,买盘
