time,price,change,volume,amount,type
09:25:01,53.7,0.16,1699,9123630,卖盘
09:30:00,53.69,-0.01,30,161006,中性盘
09:30:04,53.7,0.01,693,3723739,买盘
09:30:07,53.7,0.0,619,3319491,卖盘
09:30:10,53.74,0.04,585,3142330,买盘
09:30:13,53.7,-0.04,359,1925975,卖盘
09:30:15,53.74,0.04,283,1519432,买盘
09:30:18,53.74,0.0,358,1924171,卖盘
09:30:21,53.74,0.0,295,1585682,卖盘
09:30:25,53.74,0.0,176,946292,卖盘
09:30:27,53.78,0.04,57,306498,卖盘
09:30:31,53.79,0.01,124,667011,买盘
09:30:33,53.8,0.01,93,500288,买盘
09:30:36,53.84,0.04,78,419737,买盘
09:30:40,53.8,-0.04,37,199149,卖盘
09:30:43,53.83,0.03,53,285280,中性盘
09:30:46,53.82,-0.01,10,53809,中性盘
09:30:48,53.8,-0.02,551,2964379,卖盘
09:30:52,53.8,0.0,111,596546,买盘
09:30:55,53.8,0.0,83,446335,买盘
09:30:57,53.75,-0.05,40,214952,中性盘
09:31:01,53.8,0.05,102,548300,买盘
09:31:05,53.73,-0.07,33,177208,卖盘
09:31:07,53.7,-0.03,20,107389,中性盘
09:31:10,53.7,0.0,33,177180,买盘
09:31:12,53.6,-0.1,170,911242,卖盘
09:31:15,53.7,0.1,36,192974,买盘
09:31:18,53.7,0.0,139,745940,买盘
09:31:21,53.65,-0.05,90,482437,中性盘
09:31:25,53.6,-0.05,20,107215,卖盘
09:31:27,53.65,0.05,17,91165,买盘
09:31:31,53.61,-0.04,45,241264,中性盘
09:31:33,53.63,0.02,90,482566,买盘
09:31:36,53.69,0.06,65,351592,买盘
09:31:40,53.66,-0.03,12,64384,买盘
09:31:43,53.63,-0.03,25,134178,卖盘
09:31:46,53.69,0.06,17,91231,买盘
09:31:48,53.68,-0.01,40,214777,卖盘
09:31:51,53.67,-0.01,18,96643,卖盘
09:31:54,53.67,0.0,20,107394,卖盘
09:31:57,53.65,-0.02,56,300570,卖盘
09:32:00,53.68,0.03,43,230750,买盘
09:32:04,53.66,-0.02,176,944354,卖盘
09:32:06,53.66,0.0,102,547153,买盘
09:32:10,53.61,-0.05,233,1249604,卖盘
09:32:12,53.65,0.04,93,498796,中性盘
09:32:16,53.64,-0.01,34,182283,卖盘
09:32:18,53.61,-0.03,28,148938,卖盘
09:32:22,53.62,0.01,23,123329,中性盘
09:32:24,53.62,0.0,7,37534,卖盘
09:32:28,53.64,0.02,28,150137,买盘
09:32:31,53.61,-0.03,79,423733,卖盘
09:32:33,53.61,0.0,127,682212,卖盘
09:32:36,53.61,0.0,59,316299,买盘
09:32:39,53.6,-0.01,61,326991,卖盘
09:32:42,53.61,0.01,26,138192,买盘
09:32:46,53.61,0.0,25,134025,卖盘
09:32:49,53.62,0.01,13,69690,买盘
09:32:52,53.62,0.0,39,209069,买盘
09:32:55,53.62,0.0,6,32170,卖盘
09:32:58,53.64,0.02,32,171628,买盘
09:33:00,53.62,-0.02,8,42897,卖盘
09:33:04,53.61,-0.01,174,932890,卖盘
09:33:07,53.62,0.01,48,257361,买盘
09:33:10,53.62,0.0,166,889846,买盘
09:33:13,53.61,-0.01,33,176920,卖盘
09:33:15,53.59,-0.02,156,837297,卖盘
09:33:18,53.58,-0.01,30,160761,卖盘
09:33:21,53.58,0.0,41,219681,卖盘
09:33:24,53.57,-0.01,77,412426,卖盘
09:33:28,53.54,-0.03,257,1376181,卖盘
09:33:30,53.51,-0.03,86,459128,卖盘
09:33:34,53.54,0.03,48,256894,买盘
09:33:37,53.54,0.0,16,85640,卖盘
09:33:39,53.52,-0.02,60,321177,中性盘
09:33:43,53.52,0.0,119,636781,买盘
09:33:45,53.51,-0.01,80,428108,卖盘
09:33:48,53.51,0.0,28,149837,卖盘
09:33:51,53.53,0.02,52,278299,买盘
09:33:54,53.53,0.0,88,471065,卖盘
09:33:58,53.53,0.0,19,101712,卖盘
09:34:00,53.51,-0.02,26,140328,买盘
09:34:04,53.5,-0.01,19,101657,卖盘
09:34:07,53.47,-0.03,368,1968750,卖盘
09:34:10,53.5,0.03,176,940894,买盘
09:34:12,53.47,-0.03,28,149696,卖盘
09:34:16,53.47,0.0,119,635657,买盘
09:34:19,53.43,-0.04,23,122874,买盘
09:34:22,53.43,0.0,68,363151,买盘
09:34:24,53.43,0.0,128,683846,买盘
09:34:28,53.4,-0.03,201,1073464,卖盘
09:34:30,53.43,0.03,4,21370,买盘
09:34:34,53.41,-0.02,25,133534,卖盘
09:34:36,53.42,0.01,59,315165,买盘
09:34:39,53.41,-0.01,56,299078,卖盘
09:34:43,53.41,0.0,53,283090,买盘
09:34:45,53.42,0.01,141,753031,买盘
09:34:48,53.4,-0.02,65,347164,卖盘
09:34:51,53.38,-0.02,206,1100099,卖盘
09:34:55,53.41,0.03,65,347220,中性盘
09:34:58,53.4,-0.01,17,90788,卖盘
09:35:01,53.4,0.0,28,149522,卖盘
09:35:04,53.4,0.0,37,197569,买盘
09:35:06,53.39,-0.01,41,218890,买盘
09:35:09,53.39,0.0,42,224234,买盘
09:35:12,53.4,0.01,185,987800,买盘
09:35:16,53.4,0.0,6,32040,卖盘
09:35:18,53.4,0.0,68,363151,卖盘
09:35:22,53.4,0.0,437,2332432,卖盘
09:35:24,53.4,0.0,14,74766,卖盘
09:35:28,53.42,0.02,68,363250,买盘
09:35:30,53.4,-0.02,37,197618,卖盘
09:35:34,53.42,0.02,17,90792,买盘
09:35:36,53.42,0.0,22,117524,卖盘
09:35:39,53.42,0.0,26,138903,卖盘
09:35:43,53.49,0.07,67,357987,买盘
09:35:45,53.42,-0.07,106,566324,卖盘
09:35:48,53.49,0.07,15,80162,买盘
09:35:51,53.47,-0.02,9,48127,卖盘
09:35:55,53.47,0.0,10,53486,卖盘
09:35:58,53.49,0.02,12,64182,买盘
09:36:01,53.49,0.0,19,101611,卖盘
09:36:04,53.47,-0.02,16,85562,卖盘
09:36:07,53.45,-0.02,77,411778,卖盘
09:36:09,53.48,0.03,39,208560,中性盘
09:36:13,53.44,-0.04,115,614597,卖盘
09:36:16,53.43,-0.01,213,1138014,卖盘
09:36:18,53.42,-0.01,69,368582,卖盘
09:36:21,53.41,-0.01,61,325794,卖盘
09:36:25,53.39,-0.02,207,1105344,卖盘
09:36:28,53.38,-0.01,52,277587,卖盘
09:36:31,53.37,-0.01,113,603189,卖盘
09:36:34,53.37,0.0,38,202790,买盘
09:36:36,53.35,-0.02,111,592207,卖盘
09:36:39,53.33,-0.02,160,853653,卖盘
09:36:42,53.34,0.01,32,170672,买盘
09:36:45,53.38,0.04,88,469357,买盘
09:36:49,53.32,-0.06,61,325311,卖盘
09:36:52,53.39,0.07,173,922650,买盘
09:36:55,53.35,-0.04,26,138719,中性盘
09:36:57,53.35,0.0,26,138760,卖盘
09:37:00,53.4,0.05,47,250879,买盘
09:37:04,53.35,-0.05,100,533684,卖盘
09:37:07,53.4,0.05,174,929263,买盘
09:37:10,53.46,0.06,192,1025796,买盘
09:37:12,53.41,-0.05,68,363488,中性盘
09:37:16,53.49,0.08,2,10698,中性盘
09:37:18,53.5,0.01,70,374505,买盘
09:37:22,53.52,0.02,90,481589,买盘
09:37:24,53.55,0.03,74,396098,买盘
09:37:28,53.4,-0.15,363,1941025,卖盘
09:37:30,53.49,0.09,12,64157,中性盘
09:37:34,53.56,0.07,21,112456,买盘
09:37:36,53.59,0.03,106,567722,卖盘
09:37:40,53.59,0.0,12,64297,买盘
09:37:43,53.6,0.01,40,214398,买盘
09:37:46,53.59,-0.01,3,16077,卖盘
09:37:49,53.6,0.01,11,58955,买盘
09:37:51,53.6,0.0,46,246545,买盘
09:37:55,53.6,0.0,39,209052,卖盘
09:37:57,53.6,0.0,22,117938,卖盘
09:38:00,53.6,0.0,146,782638,卖盘
09:38:04,53.63,0.03,32,171563,买盘
09:38:06,53.63,0.0,71,380663,买盘
09:38:09,53.62,-0.01,223,1195704,中性盘
09:38:13,53.62,0.0,32,171614,卖盘
09:38:15,53.61,-0.01,34,182306,卖盘
09:38:19,53.62,0.01,60,321702,买盘
09:38:21,53.62,0.0,29,155484,买盘
09:38:24,53.62,0.0,57,305607,买盘
09:38:27,53.62,0.0,10,53621,买盘
09:38:30,53.62,0.0,25,134854,卖盘
09:38:34,53.63,0.01,8,42903,买盘
09:38:36,53.63,0.0,1,5363,买盘
09:38:40,53.62,-0.01,103,552327,卖盘
09:38:43,53.64,0.02,30,160906,买盘
09:38:48,53.7,0.06,352,1887695,买盘
09:38:52,53.71,0.01,22,118161,买盘
09:38:55,53.71,0.0,14,75173,卖盘
09:38:57,53.71,0.0,113,606272,买盘
09:39:01,53.71,0.0,19,102017,买盘
09:39:04,53.7,-0.01,40,214735,中性盘
09:39:06,53.7,0.0,83,445500,买盘
09:39:10,53.7,0.0,176,945100,买盘
09:39:13,53.7,0.0,13,69787,买盘
09:39:15,53.67,-0.03,51,273619,中性盘
09:39:19,53.65,-0.02,52,278980,卖盘
09:39:22,53.64,-0.01,28,150208,卖盘
09:39:25,53.65,0.01,20,107288,买盘
09:39:28,53.64,-0.01,47,252096,卖盘
09:39:31,53.64,0.0,20,107290,买盘
09:39:33,53.63,-0.01,38,203856,卖盘
09:39:36,53.63,0.0,113,607360,卖盘
09:39:40,53.62,-0.01,187,1002723,卖盘
09:39:42,53.62,0.0,18,96519,卖盘
09:39:46,53.63,0.01,23,123349,买盘
09:39:48,53.63,0.0,29,155512,买盘
09:39:51,53.62,-0.01,6,32172,卖盘
09:39:55,53.62,0.0,140,750798,卖盘
09:39:58,53.62,0.0,64,343203,卖盘
09:40:00,53.62,0.0,49,262758,卖盘
09:40:04,53.62,0.0,139,745392,买盘
09:40:07,53.62,0.0,128,686249,买盘
09:40:10,53.62,0.0,33,176943,买盘
09:40:13,53.61,-0.01,52,278774,卖盘
09:40:16,53.62,0.01,36,193017,买盘
09:40:18,53.62,0.0,188,1007732,买盘
09:40:22,53.62,0.0,24,128666,买盘
09:40:24,53.61,-0.01,8,42890,卖盘
09:40:27,53.62,0.01,30,160860,买盘
09:40:30,53.63,0.01,11,58988,买盘
09:40:33,53.63,0.0,97,520222,买盘
09:40:36,53.63,0.0,24,127393,卖盘
09:40:39,53.63,0.0,58,311054,卖盘
09:40:43,53.63,0.0,24,128723,中性盘
09:40:46,53.65,0.02,28,150168,买盘
09:40:49,53.65,0.0,99,530869,买盘
09:40:51,53.65,0.0,11,59001,买盘
09:40:55,53.65,0.0,14,75099,买盘
09:40:58,53.65,0.0,21,112665,买盘
09:41:01,53.65,0.0,62,332589,卖盘
09:41:04,53.65,0.0,18,96570,卖盘
09:41:07,53.66,0.01,141,756498,买盘
09:41:09,53.66,0.0,21,112675,买盘
09:41:12,53.68,0.02,24,128818,买盘
09:41:16,53.68,0.0,14,75131,买盘
09:41:19,53.69,0.01,20,107354,买盘
09:41:21,53.66,-0.03,55,295142,卖盘
09:41:24,53.66,0.0,45,241450,买盘
09:41:28,53.66,0.0,83,445378,买盘
09:41:30,53.68,0.02,45,241514,买盘
09:41:34,53.68,0.0,24,128786,卖盘
09:41:37,53.67,-0.01,27,144887,中性盘
09:41:40,53.66,-0.01,69,370331,中性盘
09:41:42,53.68,0.02,26,139530,买盘
09:41:45,53.67,-0.01,64,343503,卖盘
09:41:48,53.67,0.0,32,171743,买盘
09:41:51,53.67,0.0,23,123431,买盘
09:41:54,53.67,0.0,42,225412,买盘
09:41:57,53.67,0.0,45,241512,买盘
09:42:00,53.66,-0.01,140,751314,卖盘
09:42:04,53.66,0.0,1,5366,卖盘
09:42:06,53.66,0.0,87,466871,卖盘
09:42:10,53.67,0.01,181,971363,买盘
09:42:12,53.66,-0.01,208,1116222,卖盘
09:42:16,53.65,-0.01,46,246800,卖盘
09:42:18,53.65,0.0,64,343353,买盘
09:42:22,53.63,-0.02,30,160892,卖盘
09:42:25,53.63,0.0,10,53630,买盘
09:42:27,53.63,0.0,91,488175,卖盘
09:42:31,53.64,0.01,11,59003,买盘
09:42:34,53.65,0.01,63,337928,买盘
09:42:37,53.62,-0.03,212,1137056,卖盘
09:42:39,53.65,0.03,18,96558,买盘
09:42:42,53.62,-0.03,52,278866,卖盘
09:42:45,53.65,0.03,19,101927,买盘
09:42:49,53.63,-0.02,5,26815,卖盘
09:42:51,53.64,0.01,10,53640,买盘
09:42:55,53.63,-0.01,126,675916,卖盘
09:42:58,53.65,0.02,9,48285,买盘
09:43:01,53.63,-0.02,243,1303371,卖盘
09:43:04,53.64,0.01,134,718774,买盘
09:43:07,53.63,-0.01,71,380793,卖盘
09:43:10,53.63,0.0,31,166276,卖盘
09:43:13,53.64,0.01,130,697271,买盘
09:43:16,53.65,0.01,361,1936301,买盘
09:43:19,53.64,-0.01,119,638340,卖盘
09:43:21,53.65,0.01,297,1593268,买盘
09:43:25,53.64,-0.01,28,150203,买盘
09:43:28,53.63,-0.01,87,466665,卖盘
09:43:30,53.65,0.02,33,177023,买盘
09:43:34,53.64,-0.01,48,257495,卖盘
09:43:36,53.64,0.0,5,26820,卖盘
09:43:40,53.64,0.0,121,649057,卖盘
09:43:43,53.65,0.01,16,85839,买盘
09:43:45,53.64,-0.01,194,1040753,卖盘
09:43:49,53.64,0.0,205,1099627,卖盘
09:43:51,53.64,0.0,27,144828,买盘
09:43:55,53.63,-0.01,54,289653,卖盘
09:43:57,53.64,0.01,157,842235,买盘
09:44:01,53.66,0.02,17,89823,买盘
09:44:05,53.64,-0.02,23,123378,卖盘
09:44:06,53.64,0.0,117,627806,卖盘
09:44:09,53.65,0.01,5,26825,中性盘
09:44:13,53.68,0.03,47,252292,买盘
09:44:15,53.68,0.0,2,10736,卖盘
09:44:19,53.69,0.01,11,59059,买盘
09:44:22,53.69,0.0,115,617429,买盘
09:44:25,53.68,-0.01,45,241627,卖盘
09:44:28,53.71,0.03,183,982719,买盘
09:44:30,53.74,0.03,46,247177,买盘
09:44:33,53.73,-0.01,111,596197,卖盘
09:44:37,53.7,-0.03,139,746602,卖盘
09:44:39,53.7,0.0,69,370520,买盘
09:44:42,53.71,0.01,42,225625,买盘
09:44:45,53.7,-0.01,42,225546,卖盘
09:44:49,53.69,-0.01,63,338262,卖盘
09:44:51,53.69,0.0,119,638984,买盘
09:44:55,53.7,0.01,86,461811,买盘
09:44:57,53.7,0.0,159,853825,买盘
09:45:01,53.7,0.0,105,563809,买盘
09:45:05,53.69,-0.01,88,472536,卖盘
09:45:06,53.7,0.01,73,391981,买盘
09:45:09,53.7,0.0,81,434926,买盘
09:45:13,53.7,0.0,22,118140,买盘
09:45:15,53.71,0.01,9,48339,买盘
09:45:19,53.7,-0.01,16,85933,卖盘
09:45:22,53.71,0.01,33,177231,中性盘
09:45:25,53.72,0.01,72,386700,买盘
09:45:28,53.7,-0.02,76,408153,卖盘
09:45:30,53.72,0.02,64,343710,买盘
09:45:33,53.71,-0.01,65,349158,卖盘
09:45:36,53.73,0.02,132,709061,买盘
09:45:40,53.71,-0.02,56,300786,卖盘
09:45:42,53.73,0.02,70,376097,买盘
09:45:46,53.72,-0.01,34,182648,中性盘
09:45:48,53.73,0.01,133,714500,买盘
09:45:52,53.72,-0.01,38,204119,卖盘
09:45:54,53.73,0.01,34,182649,买盘
09:45:57,53.72,-0.01,30,161160,卖盘
09:46:00,53.73,0.01,19,102079,买盘
09:46:04,53.71,-0.02,126,676795,卖盘
09:46:07,53.71,0.0,163,875340,买盘
09:46:09,53.71,0.0,214,1149204,买盘
09:46:12,53.71,0.0,50,268505,买盘
09:46:15,53.72,0.01,566,3040074,买盘
09:46:18,53.72,0.0,67,359938,卖盘
09:46:22,53.72,0.0,31,166532,卖盘
09:46:25,53.72,0.0,9,48354,卖盘
09:46:28,53.72,0.0,52,279353,卖盘
09:46:30,53.72,0.0,132,709195,卖盘
09:46:33,53.73,0.01,85,456632,买盘
09:46:36,53.73,0.0,22,118188,买盘
09:46:40,53.73,0.0,5,26865,买盘
09:46:43,53.72,-0.01,82,440530,卖盘
09:46:46,53.73,0.01,61,327686,买盘
09:46:49,53.73,0.0,56,300923,卖盘
09:46:51,53.74,0.01,79,424544,买盘
09:46:54,53.73,-0.01,164,881335,卖盘
09:46:58,53.75,0.02,18,96748,买盘
09:47:01,53.74,-0.01,8,42992,卖盘
09:47:04,53.74,0.0,23,123607,卖盘
09:47:07,53.75,0.01,31,166612,买盘
09:47:10,53.75,0.0,98,526711,买盘
09:47:13,53.74,-0.01,78,419192,卖盘
09:47:16,53.74,0.0,70,376185,卖盘
09:47:18,53.74,0.0,20,107480,买盘
09:47:21,53.73,-0.01,47,252554,卖盘
09:47:24,53.74,0.01,15,80608,买盘
09:47:27,53.74,0.0,78,419127,买盘
09:47:30,53.74,0.0,88,472912,买盘
09:47:33,53.74,0.0,94,505105,买盘
09:47:36,53.74,0.0,37,198823,买盘
09:47:40,53.73,-0.01,56,300937,卖盘
09:47:42,53.74,0.01,439,2358826,买盘
09:47:45,53.73,-0.01,647,3476082,卖盘
09:47:49,53.72,-0.01,93,499662,卖盘
09:47:51,53.73,0.01,30,161190,买盘
09:47:54,53.72,-0.01,6,32236,卖盘
09:47:57,53.73,0.01,233,1251876,买盘
09:48:00,53.73,0.0,79,424408,买盘
09:48:04,53.72,-0.01,47,252454,买盘
09:48:07,53.72,0.0,38,204115,买盘
09:48:09,53.7,-0.02,70,375973,卖盘
09:48:13,53.71,0.01,21,112784,买盘
09:48:16,53.7,-0.01,48,257807,卖盘
09:48:18,53.7,0.0,42,225568,卖盘
09:48:21,53.7,0.0,44,236262,买盘
09:48:24,53.7,0.0,15,80550,买盘
09:48:27,53.68,-0.02,21,112728,卖盘
09:48:31,53.68,0.0,45,241562,卖盘
09:48:34,53.68,0.0,12,64423,买盘
09:48:36,53.68,0.0,10,53680,买盘
09:48:39,53.68,0.0,18,96610,买盘
09:48:42,53.66,-0.02,211,1132228,卖盘
09:48:46,53.66,0.0,37,198542,买盘
09:48:48,53.65,-0.01,30,160950,卖盘
09:48:52,53.65,0.0,71,380903,卖盘
09:48:54,53.65,0.0,3,16095,买盘
09:48:58,53.65,0.0,8,42919,买盘
09:49:00,53.65,0.0,30,160948,买盘
09:49:04,53.64,-0.01,57,305785,卖盘
09:49:07,53.66,0.02,145,777826,买盘
09:49:09,53.64,-0.02,111,595436,卖盘
09:49:12,53.64,0.0,30,160918,买盘
09:49:15,53.65,0.01,22,118021,买盘
09:49:18,53.63,-0.02,38,203639,卖盘
09:49:22,53.65,0.02,45,241410,买盘
09:49:25,53.65,0.0,36,193175,卖盘
09:49:28,53.64,-0.01,48,257518,卖盘
09:49:31,53.64,0.0,16,85830,卖盘
09:49:33,53.64,0.0,52,278951,卖盘
09:49:36,53.67,0.03,240,1287820,买盘
09:49:40,53.66,-0.01,42,225402,卖盘
09:49:43,53.65,-0.01,19,101946,卖盘
09:49:45,53.68,0.03,39,209338,买盘
09:49:49,53.67,-0.01,19,101975,中性盘
09:49:52,53.68,0.01,16,85872,买盘
09:49:54,53.68,0.0,190,1019414,买盘
09:49:57,53.67,-0.01,11,59046,中性盘
09:50:01,53.67,0.0,26,139549,买盘
09:50:04,53.65,-0.02,46,246852,卖盘
09:50:07,53.66,0.01,26,139512,买盘
09:50:10,53.65,-0.01,53,284357,卖盘
09:50:12,53.66,0.01,44,236098,买盘
09:50:15,53.66,0.0,16,85841,买盘
09:50:19,53.65,-0.01,94,504409,卖盘
09:50:22,53.65,0.0,14,75115,卖盘
09:50:25,53.65,0.0,108,579428,卖盘
09:50:28,53.65,0.0,11,59015,买盘
09:50:30,53.65,0.0,35,187760,买盘
09:50:34,53.66,0.01,48,257540,买盘
09:50:37,53.65,-0.01,34,182422,卖盘
09:50:40,53.65,0.0,56,300440,卖盘
09:50:43,53.64,-0.01,21,112654,卖盘
09:50:46,53.65,0.01,16,85830,买盘
09:50:49,53.65,0.0,14,75110,买盘
09:50:51,53.66,0.01,4,21462,买盘
09:50:54,53.65,-0.01,57,305824,卖盘
09:50:57,53.66,0.01,42,225344,买盘
09:51:00,53.65,-0.01,251,1346750,卖盘
09:51:04,53.64,-0.01,24,128748,卖盘
09:51:07,53.65,0.01,16,85839,买盘
09:51:10,53.64,-0.01,86,461348,卖盘
09:51:12,53.65,0.01,94,504288,买盘
09:51:16,53.65,0.0,5,26824,买盘
09:51:18,53.65,0.0,7,37554,买盘
09:51:22,53.64,-0.01,31,166297,卖盘
09:51:24,53.65,0.01,195,1046158,买盘
09:51:28,53.65,0.0,13,69745,卖盘
09:51:30,53.66,0.01,168,901423,买盘
09:51:34,53.64,-0.02,113,606283,卖盘
09:51:36,53.65,0.01,4,21460,买盘
09:51:39,53.65,0.0,83,445244,买盘
09:51:43,53.66,0.01,21,112661,买盘
09:51:46,53.66,0.0,42,225331,买盘
09:51:49,53.66,0.0,23,123418,买盘
09:51:52,53.65,-0.01,67,359478,卖盘
09:51:55,53.64,-0.01,16,85834,卖盘
09:51:57,53.64,0.0,26,139488,卖盘
09:52:01,53.64,0.0,39,209221,卖盘
09:52:05,53.64,0.0,20,107282,卖盘
09:52:07,53.64,0.0,3,16093,卖盘
09:52:09,53.64,0.0,57,305759,卖盘
09:52:13,53.65,0.01,42,225284,买盘
09:52:16,53.64,-0.01,44,236048,卖盘
09:52:19,53.65,0.01,15,80470,买盘
09:52:21,53.65,0.0,34,182410,买盘
09:52:25,53.65,0.0,26,139505,卖盘
09:52:27,53.66,0.01,38,203887,买盘
09:52:31,53.65,-0.01,53,284360,卖盘
09:52:34,53.66,0.01,16,85853,买盘
09:52:37,53.66,0.0,48,257538,买盘
09:52:39,53.66,0.0,127,681474,买盘
09:52:43,53.66,0.0,52,279017,买盘
09:52:46,53.66,0.0,22,118047,买盘
09:52:49,53.65,-0.01,123,659896,卖盘
09:52:52,53.65,0.0,20,107300,买盘
09:52:55,53.65,0.0,10,53650,买盘
09:52:57,53.65,0.0,274,1470010,买盘
09:53:01,53.67,0.02,329,1765569,买盘
09:53:04,53.65,-0.02,56,300458,卖盘
09:53:07,53.66,0.01,34,182440,买盘
09:53:13,53.67,0.01,324,1738847,买盘
09:53:16,53.67,0.0,26,139564,卖盘
09:53:19,53.7,0.03,83,445586,买盘
09:53:22,53.65,-0.05,800,4292324,卖盘
09:53:25,53.7,0.05,137,735665,买盘
09:53:28,53.68,-0.02,71,381219,卖盘
09:53:31,53.64,-0.04,412,2210654,卖盘
09:53:33,53.7,0.06,6,32218,买盘
09:53:37,53.7,0.0,483,2594188,卖盘
09:53:39,53.7,0.0,96,515090,卖盘
09:53:43,53.7,0.0,184,988080,买盘
09:53:46,53.67,-0.03,25,134212,卖盘
09:53:49,53.7,0.03,37,198690,买盘
09:53:51,53.67,-0.03,8,42944,卖盘
09:53:55,53.69,0.02,12,64428,买盘
09:53:57,53.69,0.0,10,53693,卖盘
09:54:01,53.7,0.01,133,714126,买盘
09:54:04,53.69,-0.01,14,75166,买盘
09:54:06,53.7,0.01,56,300651,买盘
09:54:09,53.7,0.0,129,693160,买盘
09:54:12,53.7,0.0,48,257760,卖盘
09:54:16,53.72,0.02,154,827282,买盘
09:54:19,53.7,-0.02,28,150392,卖盘
09:54:22,53.73,0.03,43,230933,买盘
09:54:24,53.72,-0.01,89,478186,卖盘
09:54:27,53.72,0.0,9,48360,卖盘
09:54:30,53.73,0.01,35,188064,买盘
09:54:34,53.73,0.0,8,42986,卖盘
09:54:37,53.73,0.0,179,962013,卖盘
09:54:39,53.73,0.0,91,489081,卖盘
09:54:42,53.74,0.01,6,32242,中性盘
09:54:46,53.75,0.01,384,2064004,买盘
09:54:48,53.75,0.0,12,64509,卖盘
09:54:52,53.76,0.01,111,596772,买盘
09:54:54,53.75,-0.01,44,236508,卖盘
09:54:58,53.77,0.02,76,408647,买盘
09:55:00,53.77,0.0,245,1317599,卖盘
09:55:04,53.77,0.0,110,591566,卖盘
09:55:07,53.79,0.02,150,806651,买盘
09:55:10,53.79,0.0,277,1489950,买盘
09:55:12,53.8,0.01,546,2937390,买盘
09:55:15,53.8,0.0,404,2173529,买盘
09:55:18,53.79,-0.01,174,936403,卖盘
09:55:21,53.8,0.01,38,206905,买盘
09:55:25,53.81,0.01,77,414450,卖盘
09:55:28,53.81,0.0,39,209897,卖盘
09:55:30,53.83,0.02,16,86134,卖盘
09:55:33,53.84,0.01,184,990635,买盘
09:55:36,53.84,0.0,94,506154,卖盘
09:55:40,53.85,0.01,39,210015,买盘
09:55:42,53.84,-0.01,214,1152389,卖盘
09:55:46,53.85,0.01,85,457761,中性盘
09:55:48,53.85,0.0,60,323115,卖盘
09:55:52,53.86,0.01,66,355482,买盘
09:55:54,53.87,0.01,13,70022,买盘
09:55:58,53.86,-0.01,341,1837016,卖盘
09:56:00,53.87,0.01,174,937463,买盘
09:56:04,53.85,-0.02,92,495499,卖盘
09:56:07,53.87,0.02,58,312391,买盘
09:56:10,53.88,0.01,70,377045,买盘
09:56:13,53.88,0.0,120,646486,买盘
09:56:16,53.87,-0.01,231,1244192,卖盘
09:56:19,53.87,0.0,38,204704,买盘
09:56:21,53.88,0.01,148,797364,买盘
09:56:25,53.87,-0.01,36,193900,中性盘
09:56:27,53.87,0.0,70,377116,买盘
09:56:30,53.86,-0.01,34,183156,中性盘
09:56:34,53.87,0.01,109,587044,买盘
09:56:36,53.88,0.01,34,183160,买盘
09:56:39,53.87,-0.01,58,312446,卖盘
09:56:42,53.88,0.01,157,845893,买盘
09:56:46,53.88,0.0,263,1413452,买盘
09:56:49,53.86,-0.02,247,1334114,卖盘
09:56:51,53.86,0.0,66,355464,买盘
09:56:55,53.83,-0.03,90,484587,卖盘
09:56:58,53.83,0.0,16,86139,卖盘
09:57:00,53.83,0.0,103,554489,卖盘
09:57:05,53.83,0.0,29,156107,买盘
09:57:07,53.83,0.0,32,172249,买盘
09:57:10,53.82,-0.01,21,113025,买盘
09:57:12,53.83,0.01,114,613469,买盘
09:57:15,53.82,-0.01,18,96871,买盘
09:57:19,53.8,-0.02,61,328288,卖盘
09:57:22,53.82,0.02,92,495134,买盘
09:57:25,53.81,-0.01,125,672626,买盘
09:57:27,53.8,-0.01,378,2031828,卖盘
09:57:31,53.81,0.01,49,263733,买盘
09:57:34,53.8,-0.01,23,123748,卖盘
09:57:37,53.8,0.0,8,43040,买盘
09:57:39,53.8,0.0,61,328138,买盘
09:57:42,53.79,-0.01,79,425002,卖盘
09:57:45,53.83,0.04,264,1420443,买盘
09:57:48,53.8,-0.03,26,139867,中性盘
09:57:51,53.8,0.0,8,43040,卖盘
09:57:55,53.81,0.01,9,48422,卖盘
09:57:58,53.8,-0.01,18,96847,卖盘
09:58:00,53.8,0.0,87,468061,卖盘
09:58:04,53.82,0.02,157,844925,买盘
09:58:07,53.82,0.0,115,618930,卖盘
09:58:10,53.81,-0.01,135,726533,卖盘
09:58:12,53.81,0.0,7,37667,卖盘
09:58:15,53.8,-0.01,98,528233,卖盘
09:58:19,53.83,0.03,32,172210,买盘
09:58:22,53.83,0.0,19,102231,买盘
09:58:25,53.8,-0.03,62,333563,卖盘
09:58:27,53.82,0.02,41,220617,买盘
09:58:30,53.82,0.0,69,370470,买盘
09:58:34,53.83,0.01,114,613568,买盘
09:58:36,53.82,-0.01,41,220626,买盘
09:58:40,53.81,-0.01,45,242170,卖盘
09:58:42,53.82,0.01,25,134543,买盘
09:58:46,53.82,0.0,65,349822,买盘
09:58:48,53.83,0.01,121,651277,买盘
09:58:51,53.82,-0.01,223,1201073,买盘
09:58:55,53.82,0.0,12,64584,卖盘
09:58:57,53.87,0.05,1046,5636029,买盘
09:59:01,53.87,0.0,77,414817,卖盘
09:59:04,53.9,0.03,2219,11956525,买盘
09:59:07,53.93,0.03,307,1657883,买盘
09:59:09,53.92,-0.01,102,550113,卖盘
09:59:12,53.92,0.0,91,490817,卖盘
09:59:15,53.95,0.03,64,345264,买盘
09:59:19,53.95,0.0,86,463948,买盘
09:59:22,53.97,0.02,167,901120,买盘
09:59:24,54.0,0.03,2080,11229636,买盘
09:59:28,54.01,0.01,149,804559,买盘
09:59:30,54.0,-0.01,46,248440,中性盘
09:59:34,54.02,0.02,99,534758,买盘
09:59:36,54.04,0.02,25,135069,买盘
09:59:39,54.04,0.0,62,335055,买盘
09:59:42,54.05,0.01,68,367559,买盘
09:59:45,54.05,0.0,34,183793,卖盘
09:59:49,54.07,0.02,61,329806,买盘
09:59:51,54.09,0.02,134,724628,买盘
09:59:54,54.09,0.0,167,903158,买盘
09:59:58,54.09,0.0,137,741146,卖盘
10:00:01,54.12,0.03,86,465360,买盘
10:00:04,54.13,0.01,157,849602,买盘
10:00:06,54.14,0.01,83,449385,买盘
10:00:09,54.16,0.02,177,958432,买盘
10:00:12,54.15,-0.01,128,693140,卖盘
10:00:16,54.16,0.01,129,698683,中性盘
10:00:19,54.17,0.01,200,1083263,买盘
10:00:21,54.18,0.01,317,1717125,买盘
10:00:24,54.16,-0.02,500,2707505,卖盘
10:00:27,54.2,0.04,980,5309024,买盘
10:00:30,54.2,0.0,144,780543,卖盘
10:00:33,54.2,0.0,110,596252,卖盘
10:00:37,54.21,0.01,164,889289,卖盘
10:00:39,54.18,-0.03,181,981228,卖盘
10:00:42,54.22,0.04,250,1355440,买盘
10:00:46,54.22,0.0,68,366359,买盘
10:00:48,54.23,0.01,818,4436772,买盘
10:00:52,54.22,-0.01,163,883842,中性盘
10:00:55,54.23,0.01,96,520577,买盘
10:00:58,54.23,0.0,46,249459,中性盘
10:01:01,54.23,0.0,243,1318251,卖盘
10:01:04,54.25,0.02,203,1101089,买盘
10:01:06,54.23,-0.02,64,347073,卖盘
10:01:09,54.22,-0.01,301,1632130,卖盘
10:01:13,54.18,-0.04,367,1989330,卖盘
10:01:15,54.18,0.0,152,823685,卖盘
10:01:19,54.2,0.02,224,1213775,买盘
10:01:22,54.17,-0.03,47,254633,卖盘
10:01:25,54.17,0.0,103,557976,卖盘
10:01:28,54.16,-0.01,64,346691,卖盘
10:01:31,54.15,-0.01,235,1272869,卖盘
10:01:34,54.15,0.0,125,677051,卖盘
10:01:36,54.15,0.0,81,438642,卖盘
10:01:39,54.15,0.0,53,286995,买盘
10:01:42,54.14,-0.01,184,996342,卖盘
10:01:46,54.14,0.0,84,454799,买盘
10:01:49,54.15,0.01,97,525247,买盘
10:01:52,54.14,-0.01,46,249031,卖盘
10:01:54,54.17,0.03,169,915065,买盘
10:01:58,54.16,-0.01,74,400808,中性盘
10:02:01,54.15,-0.01,236,1278035,卖盘
10:02:04,54.15,0.0,30,162449,买盘
10:02:07,54.16,0.01,50,270759,买盘
10:02:10,54.15,-0.01,116,628230,中性盘
10:02:13,54.15,0.0,118,638905,卖盘
10:02:15,54.13,-0.02,24,129907,买盘
10:02:19,54.13,0.0,74,400569,买盘
10:02:21,54.14,0.01,17,92017,买盘
10:02:24,54.14,0.0,726,3930875,买盘
10:02:27,54.14,0.0,121,655243,买盘
10:02:30,54.14,0.0,63,341063,卖盘
10:02:34,54.14,0.0,48,259862,卖盘
10:02:36,54.14,0.0,299,1618541,卖盘
10:02:39,54.13,-0.01,47,254442,卖盘
10:02:43,54.14,0.01,95,514008,买盘
10:02:45,54.13,-0.01,49,265257,卖盘
10:02:49,54.13,0.0,159,860404,买盘
10:02:52,54.11,-0.02,69,373442,卖盘
10:02:55,54.12,0.01,89,481780,中性盘
10:02:58,54.13,0.01,39,211062,买盘
10:03:00,54.12,-0.01,44,238131,中性盘
10:03:04,54.13,0.01,32,173184,买盘
10:03:06,54.1,-0.03,127,687404,卖盘
10:03:09,54.09,-0.01,26,140655,卖盘
10:03:12,54.1,0.01,59,319154,买盘
10:03:15,54.1,0.0,87,470310,买盘
10:03:19,54.1,0.0,54,292460,买盘
10:03:21,54.1,0.0,30,162299,买盘
10:03:25,54.09,-0.01,54,292145,卖盘
10:03:27,54.08,-0.01,87,470620,卖盘
10:03:31,54.08,0.0,26,140614,卖盘
10:03:34,54.09,0.01,72,387852,买盘
10:03:37,54.09,0.0,61,333978,买盘
10:03:40,54.08,-0.01,40,216313,卖盘
10:03:43,54.07,-0.01,82,443496,卖盘
10:03:46,54.09,0.02,14,75726,中性盘
10:03:49,54.07,-0.02,64,346054,卖盘
10:03:52,54.08,0.01,67,362330,买盘
10:03:55,54.07,-0.01,25,135187,中性盘
10:03:57,54.07,0.0,24,129762,卖盘
10:04:01,54.07,0.0,39,210862,买盘
10:04:04,54.05,-0.02,176,951400,卖盘
10:04:06,54.05,0.0,57,308085,买盘
10:04:10,54.05,0.0,30,162145,买盘
10:04:12,54.04,-0.01,430,2324101,卖盘
10:04:16,54.03,-0.01,50,270126,卖盘
10:04:18,54.04,0.01,19,102666,买盘
10:04:21,54.04,0.0,542,2930118,买盘
10:04:24,54.03,-0.01,94,508031,卖盘
10:04:28,54.0,-0.03,517,2792158,卖盘
10:04:31,54.03,0.03,18,97272,中性盘
10:04:33,54.0,-0.03,204,1101944,卖盘
10:04:36,54.0,0.0,10,54001,买盘
10:04:39,54.0,0.0,36,194408,卖盘
10:04:42,54.0,0.0,3,16200,买盘
10:04:45,54.0,0.0,81,437392,买盘
10:04:49,53.99,-0.01,30,161983,卖盘
10:04:51,54.0,0.01,75,404982,买盘
10:04:55,53.99,-0.01,49,264558,卖盘
10:04:58,53.99,0.0,39,210561,买盘
10:05:00,53.99,0.0,23,124177,卖盘
10:05:04,53.99,0.0,49,264545,买盘
10:05:06,54.0,0.01,74,399543,买盘
10:05:10,54.0,0.0,32,172788,买盘
10:05:13,54.0,0.0,18,97181,买盘
10:05:15,54.0,0.0,222,1198451,买盘
10:05:18,54.0,0.0,104,561542,买盘
10:05:21,54.0,0.0,254,1371560,买盘
10:05:24,53.99,-0.01,292,1576832,卖盘
10:05:28,54.05,0.06,11,59450,买盘
10:05:31,54.0,-0.05,261,1406988,卖盘
10:05:34,54.06,0.06,2,10812,买盘
10:05:36,54.06,0.0,42,227052,买盘
10:05:39,54.04,-0.02,12,64844,卖盘
10:05:43,54.04,0.0,18,97304,买盘
10:05:46,54.06,0.02,66,356473,买盘
10:05:49,54.01,-0.05,23,124312,卖盘
10:05:51,54.06,0.05,35,189180,买盘
10:05:54,54.04,-0.02,37,199965,卖盘
10:05:58,54.06,0.02,23,124338,买盘
10:06:00,54.04,-0.02,44,237852,卖盘
10:06:04,54.05,0.01,94,508070,买盘
10:06:07,54.06,0.01,25,135126,买盘
10:06:09,54.04,-0.02,51,275618,卖盘
10:06:12,54.06,0.02,28,151377,卖盘
10:06:15,54.05,-0.01,45,243240,卖盘
10:06:18,54.05,0.0,114,616158,买盘
10:06:22,54.05,0.0,34,183759,买盘
10:06:25,54.05,0.0,101,545873,买盘
10:06:28,54.05,0.0,184,994507,买盘
10:06:30,54.04,-0.01,131,708030,卖盘
10:06:33,54.04,0.0,46,248590,卖盘
10:06:36,54.04,0.0,28,151310,买盘
10:06:40,54.05,0.01,40,216178,买盘
10:06:43,54.04,-0.01,21,113486,卖盘
10:06:46,54.05,0.01,56,302627,买盘
10:06:48,54.05,0.0,29,156724,买盘
10:06:52,54.04,-0.01,87,470213,卖盘
10:06:54,54.05,0.01,130,702511,买盘
10:06:57,54.06,0.01,6,32431,买盘
10:07:01,54.05,-0.01,37,199983,买盘
10:07:05,54.05,0.0,34,183770,买盘
10:07:06,54.05,0.0,24,129713,买盘
10:07:10,54.05,0.0,29,156755,买盘
10:07:12,54.06,0.01,202,1092001,买盘
10:07:16,54.06,0.0,115,620206,卖盘
10:07:19,54.06,0.0,17,91912,卖盘
10:07:22,54.06,0.0,51,275755,卖盘
10:07:24,54.08,0.02,173,935558,买盘
10:07:27,54.08,0.0,10,54089,卖盘
10:07:30,54.09,0.01,65,351574,买盘
10:07:34,54.09,0.0,26,140630,买盘
10:07:36,54.1,0.01,54,292139,买盘
10:07:40,54.09,-0.01,27,146057,卖盘
10:07:43,54.1,0.01,13,70330,卖盘
10:07:46,54.11,0.01,41,221817,买盘
10:07:49,54.12,0.01,316,1710125,买盘
10:07:51,54.12,0.0,20,108240,卖盘
10:07:54,54.13,0.01,21,113657,买盘
10:07:57,54.13,0.0,63,341017,买盘
10:08:01,54.13,0.0,93,503389,买盘
10:08:04,54.13,0.0,54,292300,买盘
10:08:07,54.13,0.0,26,140738,卖盘
10:08:10,54.14,0.01,12,64964,买盘
10:08:12,54.13,-0.01,109,590033,卖盘
10:08:16,54.14,0.01,195,1055492,买盘
10:08:19,54.13,-0.01,44,238131,买盘
10:08:22,54.13,0.0,100,541322,买盘
10:08:24,54.13,0.0,38,205696,卖盘
10:08:27,54.14,0.01,17,92026,买盘
10:08:31,54.13,-0.01,51,276071,卖盘
10:08:33,54.14,0.01,16,86624,买盘
10:08:36,54.14,0.0,70,378978,买盘
10:08:39,54.15,0.01,35,189495,买盘
10:08:42,54.14,-0.01,174,942057,卖盘
10:08:45,54.14,0.0,105,568561,卖盘
10:08:48,54.13,-0.01,25,135343,卖盘
10:08:51,54.15,0.02,126,682214,买盘
10:08:54,54.15,0.0,42,227393,买盘
10:08:57,54.15,0.0,49,265325,买盘
10:09:00,54.15,0.0,296,1602824,买盘
10:09:05,54.14,-0.01,34,184100,卖盘
10:09:07,54.15,0.01,9,48729,买盘
10:09:10,54.13,-0.02,89,481855,卖盘
10:09:13,54.13,0.0,43,232836,卖盘
10:09:15,54.15,0.02,112,606299,买盘
10:09:18,54.15,0.0,9,48731,买盘
10:09:21,54.14,-0.01,56,303188,卖盘
10:09:24,54.15,0.01,241,1304954,买盘
10:09:27,54.15,0.0,319,1727385,卖盘
10:09:30,54.15,0.0,97,525323,卖盘
10:09:34,54.15,0.0,76,411590,卖盘
10:09:36,54.16,0.01,73,395301,买盘
10:09:40,54.15,-0.01,38,205770,卖盘
10:09:43,54.17,0.02,647,3504145,买盘
10:09:45,54.17,0.0,64,346649,买盘
10:09:49,54.18,0.01,79,427927,买盘
10:09:52,54.18,0.0,59,319605,买盘
10:09:55,54.18,0.0,74,400900,买盘
10:09:57,54.18,0.0,42,227552,买盘
10:10:00,54.18,0.0,22,119193,买盘
10:10:04,54.18,0.0,195,1056509,买盘
10:10:06,54.18,0.0,10,54183,卖盘
10:10:09,54.18,0.0,18,97524,卖盘
10:10:12,54.2,0.02,831,4503761,买盘
10:10:15,54.19,-0.01,109,590646,卖盘
10:10:18,54.19,0.0,47,254685,卖盘
10:10:21,54.2,0.01,340,1844679,买盘
10:10:25,54.2,0.0,33,178860,卖盘
10:10:28,54.21,0.01,132,715508,买盘
10:10:31,54.2,-0.01,410,2222279,卖盘
10:10:33,54.21,0.01,285,1544969,买盘
10:10:37,54.21,0.0,160,867355,买盘
10:10:39,54.21,0.0,24,130104,卖盘
10:10:42,54.21,0.0,75,404068,卖盘
10:10:45,54.21,0.0,143,775219,卖盘
10:10:49,54.21,0.0,52,281896,卖盘
10:10:51,54.22,0.01,97,525858,买盘
10:10:55,54.21,-0.01,92,498742,卖盘
10:10:57,54.22,0.01,444,2407322,买盘
10:11:00,54.22,0.0,60,327832,卖盘
10:11:04,54.24,0.02,437,2366699,买盘
10:11:07,54.22,-0.02,14,75914,中性盘
10:11:10,54.22,0.0,32,173493,买盘
10:11:13,54.23,0.01,41,226753,买盘
10:11:16,54.23,0.0,125,677680,买盘
10:11:18,54.23,0.0,70,379602,买盘
10:11:22,54.22,-0.01,51,276593,卖盘
10:11:24,54.21,-0.01,52,281938,卖盘
10:11:27,54.25,0.04,1214,6585474,买盘
10:11:30,54.25,0.0,59,320075,卖盘
10:11:34,54.25,0.0,102,553344,卖盘
10:11:37,54.25,0.0,26,141034,买盘
10:11:39,54.24,-0.01,283,1535064,卖盘
10:11:42,54.24,0.0,53,287467,买盘
10:11:45,54.23,-0.01,18,97629,卖盘
10:11:48,54.24,0.01,98,531536,买盘
10:11:51,54.22,-0.02,56,303663,卖盘
10:11:55,54.23,0.01,63,341624,买盘
10:11:58,54.21,-0.02,93,504161,卖盘
10:12:00,54.22,0.01,105,569205,买盘
10:12:04,54.2,-0.02,28,151779,卖盘
10:12:07,54.2,0.0,142,769875,卖盘
10:12:10,54.21,0.01,55,298117,中性盘
10:12:12,54.21,0.0,46,249360,卖盘
10:12:15,54.19,-0.02,73,395659,卖盘
10:12:19,54.19,0.0,48,260158,卖盘
10:12:22,54.2,0.01,125,677469,买盘
10:12:25,54.19,-0.01,91,493172,卖盘
10:12:28,54.19,0.0,53,287218,卖盘
10:12:30,54.19,0.0,147,796573,卖盘
10:12:34,54.19,0.0,205,1110906,买盘
10:12:37,54.19,0.0,64,346762,买盘
10:12:40,54.18,-0.01,51,276326,卖盘
10:12:42,54.19,0.01,25,135460,买盘
10:12:46,54.17,-0.02,531,2877751,卖盘
10:12:49,54.19,0.02,19,102953,买盘
10:12:52,54.19,0.0,64,346818,卖盘
10:12:54,54.2,0.01,62,336018,买盘
10:12:57,54.2,0.0,28,151736,买盘
10:13:01,54.2,0.0,97,525727,买盘
10:13:04,54.2,0.0,103,558058,买盘
10:13:06,54.2,0.0,40,216823,卖盘
10:13:09,54.2,0.0,24,130080,卖盘
10:13:12,54.2,0.0,44,238492,卖盘
10:13:15,54.22,0.02,237,1284754,买盘
10:13:18,54.2,-0.02,168,910711,卖盘
10:13:21,54.2,0.0,61,330886,卖盘
10:13:24,54.2,0.0,21,113826,买盘
10:13:27,54.22,0.02,42,227670,买盘
10:13:30,54.21,-0.01,30,162619,中性盘
10:13:33,54.21,0.0,89,482453,买盘
10:13:36,54.22,0.01,143,775254,买盘
10:13:39,54.22,0.0,32,173492,买盘
10:13:43,54.21,-0.01,11,59622,买盘
10:13:46,54.21,0.0,21,113841,买盘
10:13:48,54.2,-0.01,34,184312,卖盘
10:13:52,54.21,0.01,24,130102,买盘
10:13:54,54.21,0.0,61,330889,买盘
10:13:57,54.21,0.0,58,314429,卖盘
10:14:00,54.21,0.0,48,260231,卖盘
10:14:04,54.21,0.0,72,390328,卖盘
10:14:06,54.21,0.0,59,319861,卖盘
10:14:09,54.2,-0.01,174,943056,卖盘
10:14:12,54.2,0.0,48,260160,买盘
10:14:16,54.2,0.0,123,666658,买盘
10:14:18,54.19,-0.01,103,558204,买盘
10:14:21,54.19,0.0,16,86704,买盘
10:14:24,54.18,-0.01,25,135453,卖盘
10:14:27,54.18,0.0,15,81275,卖盘
10:14:30,54.18,0.0,27,146288,卖盘
10:14:34,54.18,0.0,13,70434,买盘
10:14:36,54.17,-0.01,173,937412,卖盘
10:14:39,54.19,0.02,61,330524,中性盘
10:14:42,54.19,0.0,32,173398,卖盘
10:14:45,54.19,0.0,115,623223,买盘
10:14:48,54.18,-0.01,49,265523,卖盘
10:14:52,54.17,-0.01,22,119185,卖盘
10:14:55,54.18,0.01,138,747575,买盘
10:14:58,54.18,0.0,112,606722,买盘
10:15:00,54.16,-0.02,56,303326,卖盘
10:15:04,54.18,0.02,785,4252881,买盘
10:15:07,54.2,0.02,341,1847072,买盘
10:15:10,54.19,-0.01,55,298045,中性盘
10:15:12,54.19,0.0,13,70447,买盘
10:15:15,54.19,0.0,213,1154343,买盘
10:15:18,54.19,0.0,69,373983,卖盘
10:15:22,54.2,0.01,42,227616,中性盘
10:15:24,54.2,0.0,37,200538,买盘
10:15:27,54.2,0.0,51,276435,卖盘
10:15:31,54.21,0.01,42,227649,买盘
10:15:33,54.21,0.0,153,829354,买盘
10:15:37,54.2,-0.01,92,497189,卖盘
10:15:39,54.21,0.01,62,336078,卖盘
10:15:43,54.21,0.0,8,43368,卖盘
10:15:45,54.2,-0.01,129,699274,卖盘
10:15:49,54.21,0.01,87,473074,买盘
10:15:52,54.21,0.0,54,292677,买盘
10:15:55,54.21,0.0,27,146365,买盘
10:15:58,54.21,0.0,83,449931,买盘
10:16:00,54.21,0.0,90,487865,买盘
10:16:04,54.2,-0.01,25,135513,卖盘
10:16:07,54.2,0.0,209,1132833,卖盘
10:16:09,54.19,-0.01,81,439015,卖盘
10:16:13,54.19,0.0,43,233047,卖盘
10:16:15,54.19,0.0,31,167989,卖盘
10:16:18,54.19,0.0,58,314350,卖盘
10:16:21,54.19,0.0,46,249272,卖盘
10:16:24,54.19,0.0,27,146313,买盘
10:16:27,54.18,-0.01,39,211317,卖盘
10:16:30,54.18,0.0,13,70434,卖盘
10:16:33,54.18,0.0,116,628567,卖盘
10:16:36,54.18,0.0,79,428040,买盘
10:16:39,54.18,0.0,61,330467,买盘
10:16:43,54.18,0.0,10,54171,买盘
10:16:46,54.18,0.0,276,1495321,买盘
10:16:49,54.18,0.0,265,1435190,买盘
10:16:51,54.15,-0.03,117,633767,卖盘
10:16:54,54.17,0.02,32,173344,买盘
10:16:57,54.15,-0.02,7,37905,卖盘
10:17:01,54.15,0.0,13,70395,买盘
10:17:04,54.15,0.0,131,709364,买盘
10:17:06,54.17,0.02,58,314125,买盘
10:17:09,54.15,-0.02,23,124547,卖盘
10:17:12,54.15,0.0,74,400742,卖盘
10:17:15,54.15,0.0,560,3034474,卖盘
10:17:19,54.17,0.02,142,769303,买盘
10:17:22,54.16,-0.01,37,200427,卖盘
10:17:24,54.16,0.0,35,189571,卖盘
10:17:28,54.14,-0.02,11,59563,卖盘
10:17:31,54.14,0.0,48,259917,卖盘
10:17:33,54.16,0.02,61,330344,买盘
10:17:36,54.14,-0.02,100,541450,卖盘
10:17:39,54.15,0.01,32,173280,中性盘
10:17:42,54.14,-0.01,86,465629,卖盘
10:17:45,54.14,0.0,38,205732,买盘
10:17:49,54.14,0.0,14,75792,买盘
10:17:51,54.19,0.05,908,4917400,买盘
10:17:55,54.2,0.01,192,1040528,买盘
10:17:57,54.18,-0.02,68,368129,买盘
10:18:00,54.14,-0.04,8,43320,卖盘
10:18:04,54.14,0.0,31,167845,卖盘
10:18:06,54.16,0.02,38,205798,买盘
10:18:09,54.15,-0.01,16,86650,中性盘
10:18:12,54.15,0.0,39,211179,买盘
10:18:16,54.18,0.03,26,140841,买盘
10:18:19,54.16,-0.02,41,222070,卖盘
10:18:21,54.16,0.0,43,232884,买盘
10:18:25,54.17,0.01,46,249191,买盘
10:18:27,54.17,0.0,18,97512,卖盘
10:18:30,54.17,0.0,18,97496,卖盘
10:18:34,54.18,0.01,27,146271,买盘
10:18:37,54.17,-0.01,10,54170,中性盘
10:18:39,54.17,0.0,11,59583,买盘
10:18:42,54.17,0.0,77,417109,买盘
10:18:46,54.17,0.0,80,433382,卖盘
10:18:48,54.18,0.01,26,140862,买盘
10:18:51,54.17,-0.01,153,828922,卖盘
10:18:54,54.17,0.0,506,2742004,卖盘
10:18:58,54.18,0.01,168,910332,买盘
10:19:00,54.18,0.0,39,211364,卖盘
10:19:05,54.2,0.02,290,1571770,买盘
10:19:06,54.18,-0.02,92,498550,卖盘
10:19:09,54.18,0.0,14,75874,卖盘
10:19:13,54.2,0.02,61,330618,买盘
10:19:16,54.2,0.0,82,444436,买盘
10:19:18,54.2,0.0,43,233084,卖盘
10:19:21,54.2,0.0,126,682942,卖盘
10:19:24,54.22,0.02,149,807738,买盘
10:19:27,54.21,-0.01,440,2385944,中性盘
10:19:31,54.2,-0.01,73,395884,卖盘
10:19:33,54.23,0.03,121,655976,买盘
10:19:37,54.22,-0.01,56,303584,中性盘
10:19:40,54.22,0.0,28,151934,卖盘
10:19:43,54.22,0.0,78,422933,卖盘
10:19:45,54.22,0.0,31,168085,卖盘
10:19:48,54.22,0.0,40,216891,卖盘
10:19:52,54.22,0.0,30,162678,卖盘
10:19:55,54.22,0.0,42,227729,卖盘
10:19:57,54.24,0.02,113,612795,买盘
10:20:00,54.23,-0.01,50,271045,卖盘
10:20:04,54.23,0.0,135,727466,买盘
10:20:07,54.22,-0.01,34,184353,卖盘
10:20:09,54.24,0.02,148,802722,买盘
10:20:13,54.23,-0.01,85,460955,卖盘
10:20:16,54.22,-0.01,84,455523,卖盘
10:20:19,54.2,-0.02,131,714776,卖盘
10:20:22,54.21,0.01,11,59638,中性盘
10:20:25,54.2,-0.01,133,720860,卖盘
10:20:27,54.18,-0.02,16,86708,卖盘
10:20:30,54.19,0.01,142,769526,买盘
10:20:33,54.18,-0.01,64,346768,卖盘
10:20:36,54.18,0.0,104,563479,卖盘
10:20:40,54.2,0.02,155,839951,买盘
10:20:43,54.18,-0.02,18,97529,卖盘
10:20:46,54.18,0.0,131,709758,卖盘
10:20:48,54.18,0.0,174,942931,卖盘
10:20:51,54.19,0.01,47,254652,买盘
10:20:54,54.18,-0.01,115,623043,卖盘
10:20:57,54.16,-0.02,24,130005,卖盘
10:21:00,54.16,0.0,28,151683,卖盘
10:21:04,54.17,0.01,72,389998,买盘
10:21:06,54.17,0.0,162,877561,卖盘
10:21:10,54.15,-0.02,116,628369,卖盘
10:21:13,54.16,0.01,12,64996,中性盘
10:21:15,54.16,0.0,70,379083,买盘
10:21:19,54.15,-0.01,55,297826,卖盘
10:21:21,54.15,0.0,21,113724,卖盘
10:21:24,54.15,0.0,357,1933155,卖盘
10:21:27,54.14,-0.01,42,227390,卖盘
10:21:31,54.12,-0.02,72,389755,卖盘
10:21:34,54.12,0.0,22,119104,卖盘
10:21:36,54.12,0.0,79,427581,卖盘
10:21:39,54.11,-0.01,70,378779,卖盘
10:21:42,54.12,0.01,61,330127,买盘
10:21:45,54.11,-0.01,30,158454,卖盘
10:21:48,54.12,0.01,145,789195,买盘
10:21:52,54.11,-0.01,277,1495989,卖盘
10:21:54,54.11,0.0,229,1239126,卖盘
10:21:58,54.1,-0.01,416,2252895,买盘
10:22:00,54.09,-0.01,82,443545,卖盘
10:22:04,54.09,0.0,112,605702,买盘
10:22:06,54.08,-0.01,82,443456,卖盘
10:22:10,54.05,-0.03,139,751720,卖盘
10:22:12,54.05,0.0,1,5405,卖盘
10:22:16,54.05,0.0,58,313492,卖盘
10:22:19,54.04,-0.01,57,308085,卖盘
10:22:22,54.05,0.01,18,97275,买盘
10:22:24,54.03,-0.02,550,2973382,卖盘
10:22:28,54.02,-0.01,114,615840,卖盘
10:22:31,54.02,0.0,1077,5816010,卖盘
10:22:33,54.02,0.0,40,216079,卖盘
10:22:37,54.01,-0.01,516,2787759,卖盘
10:22:39,54.0,-0.01,72,388838,中性盘
10:22:42,54.0,0.0,311,1679168,买盘
10:22:45,54.0,0.0,237,1279689,买盘
10:22:48,53.99,-0.01,25,134970,买盘
10:22:51,53.99,0.0,21,113372,买盘
10:22:54,54.0,0.01,166,896368,买盘
10:22:57,54.0,0.0,92,496812,卖盘
10:23:01,54.0,0.0,83,448184,买盘
10:23:04,54.0,0.0,292,1576785,买盘
10:23:06,53.99,-0.01,33,178180,卖盘
10:23:09,53.98,-0.01,117,631719,卖盘
10:23:12,53.98,0.0,19,102586,卖盘
10:23:16,53.98,0.0,37,199738,卖盘
10:23:19,53.98,0.0,67,361677,卖盘
10:23:22,53.98,0.0,28,151144,买盘
10:23:25,53.97,-0.01,102,550573,卖盘
10:23:27,53.97,0.0,20,107953,卖盘
10:23:31,53.97,0.0,62,334658,卖盘
10:23:33,53.97,0.0,79,426372,卖盘
10:23:36,53.99,0.02,42,226741,买盘
10:23:40,53.98,-0.01,56,302246,卖盘
10:23:42,53.98,0.0,73,394104,卖盘
10:23:46,53.98,0.0,96,518285,卖盘
10:23:48,53.98,0.0,35,188930,卖盘
10:23:52,53.98,0.0,30,161969,卖盘
10:23:55,53.99,0.01,12,64783,中性盘
10:23:58,53.99,0.0,26,140357,卖盘
10:24:00,53.99,0.0,27,145793,卖盘
10:24:04,53.99,0.0,37,199774,卖盘
10:24:06,53.99,0.0,8,43198,卖盘
10:24:09,54.0,0.01,975,5260927,买盘
10:24:12,53.99,-0.01,153,830288,卖盘
10:24:15,54.0,0.01,49,264599,买盘
10:24:19,54.0,0.0,56,298352,买盘
10:24:22,54.02,0.02,41,221436,买盘
10:24:24,54.01,-0.01,14,75614,卖盘
10:24:27,54.01,0.0,38,205273,卖盘
10:24:30,54.02,0.01,48,259261,买盘
10:24:33,54.02,0.0,36,194471,买盘
10:24:40,54.02,0.0,21,113460,卖盘
10:24:42,54.02,0.0,66,356607,卖盘
10:24:45,54.0,-0.02,248,1339338,卖盘
10:24:48,54.03,0.03,5,27015,卖盘
10:24:52,54.04,0.01,27,145897,买盘
10:24:54,54.03,-0.01,19,102671,卖盘
10:24:58,54.03,0.0,156,842846,卖盘
10:25:01,54.03,0.0,61,329602,买盘
10:25:04,54.03,0.0,78,421446,卖盘
10:25:07,54.03,0.0,318,1718160,卖盘
10:25:10,54.03,0.0,48,259468,买盘
10:25:13,54.01,-0.02,37,199899,卖盘
10:25:15,54.03,0.02,8,43216,买盘
10:25:19,54.03,0.0,7,37815,买盘
10:25:21,54.0,-0.03,24,129614,卖盘
10:25:25,54.03,0.03,10,54030,买盘
10:25:27,54.03,0.0,20,108060,买盘
10:25:30,54.0,-0.03,151,819603,卖盘
10:25:33,54.03,0.03,384,2069578,买盘
10:25:36,54.04,0.01,1,5404,买盘
10:25:40,54.03,-0.01,29,156688,卖盘
10:25:43,54.04,0.01,147,794311,买盘
10:25:46,54.03,-0.01,50,270155,卖盘
10:25:49,54.0,-0.03,111,599764,卖盘
10:25:52,54.0,0.0,125,675000,买盘
10:25:54,53.99,-0.01,569,3072031,卖盘
10:25:58,53.98,-0.01,29,156583,卖盘
10:26:01,53.98,0.0,43,232138,卖盘
10:26:04,54.0,0.02,246,1328349,买盘
10:26:07,54.0,0.0,47,253748,买盘
10:26:10,54.0,0.0,52,280750,买盘
10:26:13,53.99,-0.01,8,43188,买盘
10:26:15,53.99,0.0,11,59387,买盘
10:26:18,53.99,0.0,18,97182,买盘
10:26:21,53.99,0.0,98,529198,卖盘
10:26:24,53.99,0.0,25,134977,卖盘
10:26:28,53.99,0.0,21,113415,卖盘
10:26:31,53.99,0.0,32,172771,卖盘
10:26:33,53.99,0.0,91,491358,卖盘
10:26:36,53.99,0.0,43,232167,卖盘
10:26:39,54.02,0.03,37,199799,买盘
10:26:43,53.99,-0.03,21,113460,卖盘
10:26:46,54.02,0.03,5,27003,买盘
10:26:48,53.99,-0.03,20,108028,卖盘
10:26:52,54.05,0.06,87,470119,买盘
10:26:55,54.02,-0.03,15,80996,中性盘
10:27:00,54.0,-0.02,20,108023,卖盘
10:27:04,54.02,0.02,4,21605,买盘
10:27:06,54.06,0.04,63,340370,买盘
10:27:09,54.06,0.0,18,97299,买盘
10:27:13,54.03,-0.03,10,54041,卖盘
10:27:15,54.06,0.03,5,27030,买盘
10:27:19,54.03,-0.03,118,637736,卖盘
10:27:21,54.09,0.06,49,264886,买盘
10:27:25,54.09,0.0,32,173074,买盘
10:27:27,54.06,-0.03,41,221719,卖盘
10:27:30,54.07,0.01,81,438018,买盘
10:27:33,54.09,0.02,15,81115,买盘
10:27:37,54.09,0.0,119,643566,买盘
10:27:40,54.09,0.0,49,265041,买盘
10:27:43,54.08,-0.01,33,178477,卖盘
10:27:46,54.08,0.0,59,319098,卖盘
10:27:48,54.09,0.01,47,254218,买盘
10:27:51,54.09,0.0,164,887076,买盘
10:27:54,54.09,0.0,23,124409,卖盘
10:27:57,54.09,0.0,34,183906,卖盘
10:28:00,54.09,0.0,200,1081984,卖盘
10:28:05,54.1,0.01,37,200140,买盘
10:28:07,54.1,0.0,68,367872,买盘
10:28:09,54.11,0.01,45,243451,买盘
10:28:12,54.1,-0.01,34,183940,卖盘
10:28:15,54.11,0.01,32,173151,买盘
10:28:19,54.11,0.0,62,338566,买盘
10:28:22,54.11,0.0,71,384181,卖盘
10:28:25,54.12,0.01,202,1093201,买盘
10:28:27,54.12,0.0,31,167772,卖盘
10:28:30,54.12,0.0,74,400489,买盘
10:28:33,54.13,0.01,50,270617,买盘
10:28:37,54.12,-0.01,166,898524,卖盘
10:28:39,54.13,0.01,135,730747,买盘
10:28:42,54.13,0.0,17,92013,中性盘
10:28:46,54.13,0.0,29,156971,买盘
10:28:48,54.13,0.0,46,249006,卖盘
10:28:52,54.15,0.02,91,492727,买盘
10:28:54,54.14,-0.01,49,265319,中性盘
10:28:57,54.15,0.01,39,211134,买盘
10:29:00,54.15,0.0,43,232806,买盘
10:29:04,54.15,0.0,126,682264,买盘
10:29:07,54.13,-0.02,539,2917943,卖盘
10:29:10,54.12,-0.01,189,1022888,卖盘
10:29:13,54.12,0.0,48,259776,卖盘
10:29:15,54.12,0.0,168,909259,卖盘
10:29:19,54.13,0.01,138,746843,买盘
10:29:21,54.13,0.0,37,200301,卖盘
10:29:24,54.13,0.0,44,238189,卖盘
10:29:27,54.12,-0.01,42,227305,卖盘
10:29:30,54.13,0.01,86,465422,买盘
10:29:34,54.11,-0.02,10,54111,中性盘
10:29:37,54.1,-0.01,29,156926,卖盘
10:29:39,54.11,0.01,15,81169,中性盘
10:29:43,54.11,0.0,6,32469,卖盘
10:29:45,54.12,0.01,138,746856,买盘
10:29:49,54.12,0.0,50,270600,卖盘
10:29:52,54.11,-0.01,37,200222,卖盘
10:29:55,54.11,0.0,34,183980,卖盘
10:29:57,54.12,0.01,20,108231,买盘
10:30:01,54.13,0.01,376,2035052,买盘
10:30:04,54.15,0.02,576,3117923,买盘
10:30:07,54.15,0.0,88,476490,买盘
10:30:10,54.16,0.01,145,785115,买盘
10:30:12,54.12,-0.04,39,211061,中性盘
10:30:16,54.12,0.0,29,156948,买盘
10:30:19,54.14,0.02,165,893026,买盘
10:30:22,54.14,0.0,13,70378,中性盘
10:30:25,54.13,-0.01,52,281486,卖盘
10:30:27,54.13,0.0,14,75781,买盘
10:30:31,54.13,0.0,23,124508,中性盘
10:30:33,54.13,0.0,17,92027,卖盘
10:30:36,54.14,0.01,38,205724,买盘
10:30:39,54.14,0.0,33,178644,买盘
10:30:42,54.14,0.0,75,406032,买盘
10:30:46,54.13,-0.01,248,1342546,卖盘
10:30:49,54.11,-0.02,281,1520650,卖盘
10:30:51,54.11,0.0,162,876481,买盘
10:30:54,54.11,0.0,84,454490,买盘
10:30:57,54.11,0.0,60,324622,买盘
10:31:00,54.1,-0.01,65,351675,卖盘
10:31:05,54.1,0.0,107,578938,卖盘
10:31:07,54.11,0.01,107,578946,买盘
10:31:10,54.11,0.0,127,684810,买盘
10:31:12,54.12,0.01,29,156926,中性盘
10:31:16,54.13,0.01,22,121283,买盘
10:31:18,54.14,0.01,37,200287,买盘
10:31:21,54.14,0.0,22,119104,买盘
10:31:25,54.13,-0.01,9,48716,中性盘
10:31:27,54.13,0.0,73,395196,买盘
10:31:30,54.12,-0.01,14,75771,卖盘
10:31:33,54.13,0.01,160,866222,买盘
10:31:37,54.13,0.0,16,86602,卖盘
10:31:39,54.15,0.02,67,362763,买盘
10:31:42,54.15,0.0,27,146199,买盘
10:31:45,54.13,-0.02,5,27065,卖盘
10:31:48,54.14,0.01,50,270742,买盘
10:31:51,54.13,-0.01,14,75782,卖盘
10:31:54,54.14,0.01,32,173245,买盘
10:31:57,54.14,0.0,127,687647,买盘
10:32:01,54.14,0.0,18,97450,卖盘
10:32:05,54.13,-0.01,55,297746,卖盘
10:32:06,54.13,0.0,21,113675,卖盘
10:32:09,54.14,0.01,30,162414,买盘
10:32:12,54.14,0.0,78,422283,买盘
10:32:16,54.15,0.01,223,1207271,买盘
10:32:19,54.14,-0.01,105,568472,卖盘
10:32:22,54.15,0.01,73,395295,买盘
10:32:25,54.16,0.01,42,227432,买盘
10:32:28,54.15,-0.01,69,373688,卖盘
10:32:31,54.15,0.0,26,140809,卖盘
10:32:34,54.15,0.0,85,460317,卖盘
10:32:36,54.15,0.0,39,211185,买盘
10:32:39,54.16,0.01,90,487410,买盘
10:32:42,54.15,-0.01,15,81225,买盘
10:32:46,54.16,0.01,18,97488,买盘
10:32:48,54.15,-0.01,68,368236,卖盘
10:32:51,54.16,0.01,18,97477,买盘
10:32:55,54.16,0.0,38,205794,买盘
10:32:58,54.16,0.0,27,146225,买盘
10:33:01,54.16,0.0,15,81242,卖盘
10:33:04,54.17,0.01,12,65004,买盘
10:33:06,54.17,0.0,9,48752,买盘
10:33:10,54.16,-0.01,33,178755,卖盘
10:33:12,54.17,0.01,26,140825,买盘
10:33:15,54.17,0.0,34,184178,买盘
10:33:18,54.17,0.0,348,1884465,买盘
10:33:22,54.17,0.0,122,660802,买盘
10:33:25,54.17,0.0,54,292518,买盘
10:33:27,54.17,0.0,28,151671,买盘
10:33:31,54.17,0.0,34,184139,买盘
10:33:33,54.17,0.0,25,135413,买盘
10:33:36,54.14,-0.03,93,503733,卖盘
10:33:40,54.18,0.04,469,2540094,买盘
10:33:43,54.18,0.0,29,157111,买盘
10:33:46,54.19,0.01,34,184216,买盘
10:33:49,54.18,-0.01,83,449770,卖盘
10:33:52,54.18,0.0,3,16254,卖盘
10:33:54,54.19,0.01,36,195076,买盘
10:33:57,54.19,0.0,113,612389,买盘
10:34:01,54.19,0.0,56,303457,买盘
10:34:05,54.2,0.01,69,373958,买盘
10:34:07,54.2,0.0,107,579906,买盘
10:34:10,54.2,0.0,235,1273666,买盘
10:34:13,54.2,0.0,46,249317,买盘
10:34:15,54.2,0.0,106,574477,买盘
10:34:19,54.17,-0.03,386,2091596,卖盘
10:34:22,54.2,0.03,97,525677,买盘
10:34:25,54.19,-0.01,53,287239,卖盘
10:34:27,54.2,0.01,21,113814,买盘
10:34:30,54.19,-0.01,45,243873,卖盘
10:34:33,54.2,0.01,584,3165280,买盘
10:34:36,54.21,0.01,88,477029,买盘
10:34:39,54.21,0.0,64,346988,卖盘
10:34:43,54.21,0.0,5,27108,卖盘
10:34:46,54.22,0.01,93,504209,买盘
10:34:49,54.21,-0.01,636,3449367,卖盘
10:34:51,54.21,0.0,192,1040893,卖盘
10:34:54,54.22,0.01,470,2549030,买盘
10:34:57,54.25,0.03,97,526112,买盘
10:35:01,54.24,-0.01,254,1377774,买盘
10:35:04,54.24,0.0,41,222336,买盘
10:35:07,54.24,0.0,43,233223,买盘
10:35:09,54.24,0.0,50,271179,买盘
10:35:12,54.22,-0.02,53,287403,卖盘
10:35:16,54.22,0.0,52,281994,卖盘
10:35:18,54.22,0.0,21,113874,卖盘
10:35:21,54.23,0.01,128,694132,买盘
10:35:25,54.23,0.0,66,357951,卖盘
10:35:27,54.22,-0.01,53,287378,卖盘
10:35:30,54.23,0.01,23,124735,买盘
10:35:34,54.23,0.0,30,162686,买盘
10:35:37,54.22,-0.01,40,216900,卖盘
10:35:40,54.22,0.0,28,151810,买盘
10:35:42,54.22,0.0,15,81329,买盘
10:35:45,54.22,0.0,8,43376,买盘
10:35:48,54.21,-0.01,16,86736,卖盘
10:35:51,54.21,0.0,38,205998,买盘
10:35:54,54.21,0.0,19,102987,买盘
10:35:57,54.21,0.0,53,287289,买盘
10:36:00,54.2,-0.01,92,498679,卖盘
10:36:04,54.19,-0.01,40,216761,卖盘
10:36:07,54.18,-0.01,130,704643,卖盘
10:36:10,54.2,0.02,24,130087,买盘
10:36:12,54.19,-0.01,6,32519,卖盘
10:36:15,54.19,0.0,17,92135,卖盘
10:36:18,54.19,0.0,35,189680,卖盘
10:36:21,54.2,0.01,62,335891,买盘
10:36:24,54.2,0.0,32,173437,买盘
10:36:27,54.19,-0.01,71,384778,卖盘
10:36:30,54.19,0.0,23,124634,中性盘
10:36:34,54.2,0.01,31,168003,买盘
10:36:37,54.2,0.0,39,211357,买盘
10:36:40,54.19,-0.01,39,211282,中性盘
10:36:42,54.18,-0.01,23,124606,买盘
10:36:46,54.19,0.01,44,238425,买盘
10:36:49,54.18,-0.01,87,471427,卖盘
10:36:51,54.19,0.01,73,395565,买盘
10:36:54,54.19,0.0,32,173390,买盘
10:36:57,54.19,0.0,34,184237,买盘
10:37:00,54.18,-0.01,65,352193,卖盘
10:37:04,54.19,0.01,53,287204,买盘
10:37:07,54.18,-0.01,96,520150,卖盘
10:37:09,54.18,0.0,35,189642,卖盘
10:37:12,54.19,0.01,42,227594,买盘
10:37:16,54.18,-0.01,21,113781,中性盘
10:37:19,54.17,-0.01,84,455036,卖盘
10:37:22,54.19,0.02,173,937321,买盘
10:37:24,54.19,0.0,25,135459,买盘
10:37:27,54.19,0.0,236,1278528,买盘
10:37:31,54.19,0.0,30,162560,买盘
10:37:33,54.19,0.0,29,157149,买盘
10:37:36,54.19,0.0,47,254693,卖盘
10:37:40,54.19,0.0,47,254643,买盘
10:37:43,54.17,-0.02,24,130033,卖盘
10:37:45,54.17,0.0,27,146272,卖盘
10:37:48,54.19,0.02,62,335963,买盘
10:37:52,54.17,-0.02,26,140851,卖盘
10:37:55,54.19,0.02,51,276300,买盘
10:37:57,54.18,-0.01,41,222143,卖盘
10:38:00,54.19,0.01,30,162535,买盘
10:38:04,54.18,-0.01,19,102927,买盘
10:38:07,54.18,0.0,12,65010,买盘
10:38:10,54.17,-0.01,27,146269,卖盘
10:38:13,54.16,-0.01,80,433349,卖盘
10:38:15,54.18,0.02,39,211271,买盘
10:38:19,54.18,0.0,61,330463,买盘
10:38:22,54.19,0.01,52,281750,买盘
10:38:24,54.15,-0.04,265,1435353,卖盘
10:38:28,54.15,0.0,202,1093758,买盘
10:38:31,54.14,-0.01,60,324830,卖盘
10:38:34,54.13,-0.01,53,286920,卖盘
10:38:36,54.14,0.01,49,265227,买盘
10:38:39,54.15,0.01,86,465514,买盘
10:38:42,54.14,-0.01,40,216533,卖盘
10:38:45,54.15,0.01,184,996335,买盘
10:38:48,54.16,0.01,24,129988,中性盘
10:38:52,54.15,-0.01,109,590339,卖盘
10:38:55,54.16,0.01,130,703958,中性盘
10:38:58,54.16,0.0,44,238284,买盘
10:39:00,54.16,0.0,37,200388,买盘
10:39:04,54.17,0.01,102,552526,买盘
10:39:07,54.15,-0.02,220,1191396,卖盘
10:39:10,54.14,-0.01,7,37899,卖盘
10:39:13,54.15,0.01,352,1906025,买盘
10:39:16,54.15,0.0,50,270766,卖盘
10:39:18,54.14,-0.01,50,270730,卖盘
10:39:22,54.15,0.01,80,433156,买盘
10:39:25,54.14,-0.01,24,129936,卖盘
10:39:27,54.15,0.01,43,232843,买盘
10:39:31,54.15,0.0,35,189508,买盘
10:39:34,54.15,0.0,51,276133,买盘
10:39:36,54.13,-0.02,95,514297,卖盘
10:39:39,54.12,-0.01,69,373495,卖盘
10:39:43,54.12,0.0,39,211044,买盘
10:39:46,54.11,-0.01,12,64932,卖盘
10:39:49,54.12,0.01,57,308394,买盘
10:39:52,54.1,-0.02,13,70330,卖盘
10:39:54,54.1,0.0,10,54100,卖盘
10:39:57,54.1,0.0,6,32460,卖盘
10:40:00,54.1,0.0,70,378700,卖盘
10:40:04,54.1,0.0,19,102792,卖盘
10:40:07,54.1,0.0,45,243471,卖盘
10:40:10,54.1,0.0,32,173122,卖盘
10:40:12,54.11,0.01,44,238041,买盘
10:40:16,54.1,-0.01,41,221819,卖盘
10:40:18,54.1,0.0,99,535659,卖盘
10:40:22,54.1,0.0,56,302980,卖盘
10:40:25,54.1,0.0,7,37870,卖盘
10:40:27,54.11,0.01,6,32466,买盘
10:40:30,54.11,0.0,16,86570,买盘
10:40:33,54.11,0.0,9,48699,卖盘
10:40:36,54.11,0.0,11,59528,卖盘
10:40:40,54.11,0.0,13,70354,卖盘
10:40:43,54.1,-0.01,290,1565928,卖盘
10:40:46,54.08,-0.02,50,270430,卖盘
10:40:48,54.08,0.0,37,200114,中性盘
10:40:51,54.09,0.01,73,396841,买盘
10:40:54,54.06,-0.03,12,64888,卖盘
10:40:57,54.07,0.01,15,82502,买盘
10:41:00,54.06,-0.01,14,75684,卖盘
10:41:04,54.08,0.02,149,805642,买盘
10:41:07,54.06,-0.02,35,189246,卖盘
10:41:10,54.07,0.01,33,178257,买盘
10:41:13,54.07,0.0,56,303765,卖盘
10:41:16,54.07,0.0,24,129770,卖盘
10:41:18,54.1,0.03,78,421826,买盘
10:41:21,54.08,-0.02,5,27040,卖盘
10:41:25,54.08,0.0,15,81120,卖盘
10:41:27,54.08,0.0,18,96425,卖盘
10:41:30,54.09,0.01,27,146027,买盘
10:41:33,54.09,0.0,45,243409,买盘
10:41:37,54.09,0.0,8,43272,卖盘
10:41:39,54.09,0.0,2,10819,卖盘
10:41:42,54.09,0.0,27,146043,卖盘
10:41:46,54.09,0.0,16,86544,卖盘
10:41:48,54.09,0.0,113,611259,卖盘
10:41:51,54.08,-0.01,34,183902,卖盘
10:41:54,54.09,0.01,45,243483,买盘
10:41:57,54.09,0.0,52,281298,买盘
10:42:01,54.09,0.0,12,64909,卖盘
10:42:04,54.1,0.01,385,2080524,买盘
10:42:07,54.1,0.0,84,454440,卖盘
10:42:09,54.1,0.0,174,943668,卖盘
10:42:13,54.09,-0.01,44,238000,卖盘
10:42:15,54.09,0.0,53,286675,卖盘
10:42:19,54.1,0.01,94,505474,买盘
10:42:22,54.09,-0.01,16,86532,中性盘
10:42:25,54.08,-0.01,45,246930,卖盘
10:42:27,54.08,0.0,20,108161,卖盘
10:42:30,54.08,0.0,94,508356,卖盘
10:42:34,54.08,0.0,26,137040,卖盘
10:42:36,54.09,0.01,14,75725,买盘
10:42:40,54.09,0.0,28,151443,买盘
10:42:42,54.09,0.0,36,194712,买盘
10:42:46,54.09,0.0,39,210951,卖盘
10:42:49,54.1,0.01,39,210981,买盘
10:42:51,54.1,0.0,11,59501,买盘
10:42:54,54.1,0.0,400,2167599,买盘
10:42:57,54.09,-0.01,22,115646,卖盘
10:43:00,54.1,0.01,2,10820,中性盘
10:43:04,54.09,-0.01,11,59504,卖盘
10:43:07,54.09,0.0,58,313723,卖盘
10:43:10,54.09,0.0,22,119000,卖盘
10:43:12,54.09,0.0,17,91967,卖盘
10:43:19,54.08,-0.01,39,213790,卖盘
10:43:22,54.08,0.0,42,227103,买盘
10:43:24,54.07,-0.01,106,573213,卖盘
10:43:27,54.1,0.03,85,459724,买盘
10:43:30,54.07,-0.03,46,248724,卖盘
10:43:34,54.07,0.0,7,37852,卖盘
10:43:36,54.07,0.0,27,146020,卖盘
10:43:40,54.07,0.0,46,248725,卖盘
10:43:43,54.07,0.0,47,254146,卖盘
10:43:45,54.08,0.01,73,394732,中性盘
10:43:48,54.08,0.0,76,411016,卖盘
10:43:51,54.09,0.01,20,108161,买盘
10:43:54,54.07,-0.02,47,254182,卖盘
10:43:57,54.07,0.0,40,215318,卖盘
10:44:00,54.07,0.0,20,108132,卖盘
10:44:04,54.06,-0.01,70,378477,卖盘
10:44:07,54.1,0.04,286,1547706,买盘
10:44:09,54.09,-0.01,47,254266,卖盘
10:44:13,54.09,0.0,24,129816,卖盘
10:44:16,54.09,0.0,36,194720,卖盘
10:44:18,54.09,0.0,22,118977,买盘
10:44:22,54.09,0.0,5,27041,买盘
10:44:24,54.08,-0.01,2,10816,买盘
10:44:28,54.07,-0.01,9,48666,卖盘
10:44:30,54.08,0.01,58,313634,买盘
10:44:33,54.08,0.0,14,75712,卖盘
10:44:36,54.08,0.0,29,156854,卖盘
10:44:39,54.09,0.01,42,227156,买盘
10:44:42,54.09,0.0,73,394704,中性盘
10:44:45,54.08,-0.01,3,16219,买盘
10:44:48,54.08,0.0,15,81084,买盘
10:44:52,54.08,0.0,29,156766,买盘
10:44:55,54.04,-0.04,24,129740,卖盘
10:44:57,54.07,0.03,32,173010,买盘
10:45:00,54.04,-0.03,16,87599,卖盘
10:45:04,54.03,-0.01,18,97254,卖盘
10:45:07,54.03,0.0,3,16207,中性盘
10:45:09,54.04,0.01,9,48626,买盘
10:45:12,54.02,-0.02,27,145854,卖盘
10:45:15,54.02,0.0,24,129663,卖盘
10:45:19,54.02,0.0,20,108040,卖盘
10:45:22,54.01,-0.01,26,140455,卖盘
10:45:25,54.01,0.0,5,27005,卖盘
10:45:27,54.01,0.0,30,162032,卖盘
10:45:30,54.01,0.0,28,151246,卖盘
10:45:33,54.01,0.0,234,1264004,卖盘
10:45:37,54.0,-0.01,34,183602,卖盘
10:45:40,54.0,0.0,18,97214,卖盘
10:45:42,54.0,0.0,14,75600,卖盘
10:45:45,54.0,0.0,43,232200,卖盘
10:45:49,54.02,0.02,99,534714,买盘
10:45:52,54.02,0.0,12,64824,卖盘
10:45:54,54.02,0.0,275,1485431,卖盘
10:45:57,54.0,-0.02,23,124211,卖盘
10:46:00,54.01,0.01,5,27008,中性盘
10:46:04,54.01,0.0,56,302420,卖盘
10:46:07,54.01,0.0,9,48609,卖盘
10:46:10,54.0,-0.01,80,432057,卖盘
10:46:13,54.01,0.01,7,37804,中性盘
10:46:16,54.0,-0.01,32,172812,卖盘
10:46:18,54.0,0.0,12,64803,卖盘
10:46:22,54.0,0.0,24,129608,卖盘
10:46:25,54.0,0.0,96,518416,卖盘
10:46:27,54.01,0.01,74,399654,买盘
10:46:30,54.0,-0.01,53,286209,卖盘
10:46:34,54.01,0.01,19,102616,买盘
10:46:37,54.02,0.01,9,48610,买盘
10:46:40,54.01,-0.01,9,48610,卖盘
10:46:42,54.02,0.01,43,232262,买盘
10:46:46,54.01,-0.01,106,572584,卖盘
10:46:49,54.01,0.0,33,178265,卖盘
10:46:52,54.03,0.02,1,5403,买盘
10:46:54,54.01,-0.02,47,253851,卖盘
10:46:57,54.02,0.01,12,64826,中性盘
10:47:00,54.02,0.0,10,54019,买盘
10:47:05,54.01,-0.01,31,167455,卖盘
10:47:07,54.02,0.01,22,118834,买盘
10:47:10,54.02,0.0,16,86428,买盘
10:47:13,54.02,0.0,22,118854,卖盘
10:47:16,54.03,0.01,6,32418,买盘
10:47:18,54.03,0.0,8,43223,买盘
10:47:22,54.03,0.0,24,129650,买盘
10:47:25,54.02,-0.01,48,259326,卖盘
10:47:27,54.02,0.0,14,75632,卖盘
10:47:31,54.02,0.0,15,81040,卖盘
10:47:34,54.02,0.0,19,102645,卖盘
10:47:37,54.02,0.0,48,259333,卖盘
10:47:40,54.03,0.01,34,183702,买盘
10:47:43,54.03,0.0,10,54030,买盘
10:47:45,54.03,0.0,4,21612,卖盘
10:47:48,54.03,0.0,1,5403,卖盘
10:47:51,54.03,0.0,22,118866,卖盘
10:47:54,54.04,0.01,23,124290,买盘
10:47:58,54.04,0.0,64,345868,买盘
10:48:00,54.04,0.0,4,21616,中性盘
10:48:04,54.04,0.0,47,253953,卖盘
10:48:06,54.06,0.02,3,16214,买盘
10:48:09,54.04,-0.02,4,21617,卖盘
10:48:12,54.05,0.01,5,27024,买盘
10:48:16,54.04,-0.01,37,199983,卖盘
10:48:19,54.05,0.01,4,21621,卖盘
10:48:22,54.05,0.0,14,75670,卖盘
10:48:24,54.06,0.01,18,97307,买盘
10:48:28,54.06,0.0,27,145963,卖盘
10:48:30,54.06,0.0,14,75694,卖盘
10:48:33,54.06,0.0,5,27034,卖盘
10:48:37,54.08,0.02,20,108159,买盘
10:48:39,54.08,0.0,6,32441,买盘
10:48:43,54.07,-0.01,14,75700,卖盘
10:48:45,54.09,0.02,16,86528,买盘
10:48:49,54.09,0.0,9,48681,卖盘
10:48:51,54.08,-0.01,19,102776,卖盘
10:48:54,54.09,0.01,15,81135,买盘
10:48:57,54.09,0.0,16,86548,卖盘
10:49:01,54.1,0.01,51,275873,买盘
10:49:04,54.1,0.0,46,248857,买盘
10:49:07,54.1,0.0,15,81150,卖盘
10:49:10,54.1,0.0,4,21641,卖盘
10:49:12,54.1,0.0,5,27050,卖盘
10:49:15,54.1,0.0,37,200221,卖盘
10:49:18,54.11,0.01,3,16233,卖盘
10:49:21,54.12,0.01,53,286829,买盘
10:49:24,54.12,0.0,13,70354,买盘
10:49:27,54.12,0.0,5,27060,买盘
10:49:31,54.12,0.0,32,173192,买盘
10:49:34,54.12,0.0,49,265172,买盘
10:49:37,54.12,0.0,1,5412,买盘
10:49:40,54.12,0.0,25,135300,买盘
10:49:43,54.12,0.0,49,265233,卖盘
10:49:46,54.13,0.01,1,5413,中性盘
10:49:49,54.14,0.01,23,124516,买盘
10:49:52,54.14,0.0,21,113682,买盘
10:49:54,54.14,0.0,5,27069,买盘
10:49:57,54.14,0.0,11,59554,买盘
10:50:00,54.14,0.0,5,27070,买盘
10:50:05,54.14,0.0,8,43309,买盘
10:50:07,54.13,-0.01,7,37891,卖盘
10:50:09,54.14,0.01,45,243589,买盘
10:50:13,54.14,0.0,67,362738,买盘
10:50:16,54.14,0.0,13,70382,买盘
10:50:19,54.14,0.0,41,221936,买盘
10:50:22,54.13,-0.01,18,97440,卖盘
10:50:25,54.13,0.0,47,254411,卖盘
10:50:28,54.13,0.0,17,92002,买盘
10:50:30,54.12,-0.01,10,54122,中性盘
10:50:34,54.13,0.01,3,16239,买盘
10:50:37,54.14,0.01,95,514244,买盘
10:50:40,54.13,-0.01,28,151565,卖盘
10:50:43,54.13,0.0,3,16240,卖盘
10:50:45,54.13,0.0,5,27065,卖盘
10:50:48,54.13,0.0,28,151564,卖盘
10:50:52,54.14,0.01,18,97439,买盘
10:50:55,54.13,-0.01,95,514250,卖盘
10:50:58,54.13,0.0,70,378854,买盘
10:51:00,54.12,-0.01,120,649448,卖盘
10:51:04,54.11,-0.01,17,91997,卖盘
10:51:06,54.11,0.0,12,64940,卖盘
10:51:09,54.12,0.01,2,10824,买盘
10:51:13,54.11,-0.01,7,37878,卖盘
10:51:15,54.11,0.0,80,432896,卖盘
10:51:19,54.12,0.01,27,146100,买盘
10:51:21,54.11,-0.01,31,167741,卖盘
10:51:25,54.12,0.01,45,243501,买盘
10:51:28,54.12,0.0,17,91989,买盘
10:51:30,54.11,-0.01,111,600629,卖盘
10:51:34,54.12,0.01,34,183985,买盘
10:51:36,54.12,0.0,26,140701,买盘
10:51:39,54.11,-0.01,43,232676,卖盘
10:51:43,54.11,0.0,40,216460,卖盘
10:51:45,54.1,-0.01,19,102790,卖盘
10:51:48,54.11,0.01,9,48699,买盘
10:51:52,54.11,0.0,10,54108,买盘
10:51:55,54.11,0.0,5,27055,买盘
10:51:58,54.11,0.0,149,806122,买盘
10:52:00,54.11,0.0,51,275961,卖盘
10:52:04,54.11,0.0,3,16233,卖盘
10:52:07,54.11,0.0,23,124453,卖盘
10:52:10,54.12,0.01,80,432865,买盘
10:52:13,54.11,-0.01,8,43288,中性盘
10:52:15,54.12,0.01,12,64930,买盘
10:52:19,54.1,-0.02,12,64928,卖盘
10:52:22,54.11,0.01,210,1136509,中性盘
10:52:24,54.11,0.0,13,70343,买盘
10:52:27,54.11,0.0,4,21644,买盘
10:52:30,54.11,0.0,8,43288,买盘
10:52:33,54.11,0.0,21,113631,买盘
10:52:36,54.12,0.01,66,357109,买盘
10:52:39,54.12,0.0,198,1071250,买盘
10:52:42,54.12,0.0,114,616942,买盘
10:52:45,54.12,0.0,29,156943,买盘
10:52:48,54.12,0.0,12,64944,买盘
10:52:51,54.11,-0.01,9,48700,卖盘
10:52:54,54.13,0.02,248,1342400,买盘
10:52:57,54.11,-0.02,87,470791,卖盘
10:53:00,54.12,0.01,1,5412,卖盘
10:53:04,54.13,0.01,6,32477,买盘
10:53:07,54.12,-0.01,76,411314,卖盘
10:53:09,54.12,0.0,2,10824,买盘
10:53:12,54.12,0.0,56,303072,买盘
10:53:16,54.12,0.0,5,27060,买盘
10:53:18,54.12,0.0,12,64943,买盘
10:53:21,54.12,0.0,3,16236,买盘
10:53:24,54.11,-0.01,128,692708,卖盘
10:53:28,54.12,0.01,60,324705,买盘
10:53:30,54.11,-0.01,51,275972,卖盘
10:53:34,54.11,0.0,20,108230,卖盘
10:53:37,54.11,0.0,18,97408,卖盘
10:53:40,54.12,0.01,524,2835869,买盘
10:53:43,54.13,0.01,35,189427,买盘
10:53:46,54.12,-0.01,11,59532,买盘
10:53:49,54.12,0.0,15,81180,卖盘
10:53:55,54.13,0.01,5,27065,买盘
10:53:58,54.13,0.0,14,75769,买盘
10:54:01,54.13,0.0,21,113660,买盘
10:54:05,54.13,0.0,123,665799,买盘
10:54:07,54.13,0.0,95,514243,卖盘
10:54:10,54.14,0.01,26,140759,买盘
10:54:13,54.14,0.0,53,286942,买盘
10:54:19,54.14,0.0,35,189467,买盘
10:54:22,54.14,0.0,13,70382,买盘
10:54:24,54.14,0.0,108,584712,买盘
10:54:27,54.14,0.0,46,249025,买盘
10:54:31,54.14,0.0,16,86621,买盘
10:54:33,54.15,0.01,108,584818,买盘
10:54:37,54.14,-0.01,70,379012,卖盘
10:54:39,54.15,0.01,87,471033,买盘
10:54:42,54.15,0.0,56,303240,买盘
10:54:45,54.14,-0.01,113,611811,卖盘
10:54:48,54.15,0.01,14,75811,卖盘
10:54:51,54.15,0.0,35,189545,卖盘
10:54:54,54.16,0.01,71,384534,买盘
10:54:57,54.15,-0.01,18,97471,卖盘
10:55:01,54.16,0.01,80,433269,买盘
10:55:05,54.15,-0.01,30,162470,卖盘
10:55:07,54.15,0.0,106,574092,卖盘
10:55:10,54.16,0.01,14,75818,买盘
10:55:12,54.16,0.0,52,281632,买盘
10:55:16,54.16,0.0,27,146232,卖盘
10:55:18,54.16,0.0,9,48745,卖盘
10:55:22,54.16,0.0,59,319545,卖盘
10:55:24,54.17,0.01,38,205835,买盘
10:55:28,54.16,-0.01,42,227483,卖盘
10:55:30,54.16,0.0,15,81232,买盘
10:55:34,54.17,0.01,10,54161,买盘
10:55:36,54.18,0.01,206,1116073,买盘
10:55:40,54.18,0.0,11,59599,卖盘
10:55:42,54.16,-0.02,73,395405,卖盘
10:55:46,54.18,0.02,70,379184,买盘
10:55:49,54.18,0.0,71,384659,买盘
10:55:52,54.17,-0.01,11,59592,卖盘
10:55:54,54.18,0.01,36,195021,买盘
10:55:57,54.18,0.0,85,460521,买盘
10:56:00,54.18,0.0,45,243779,买盘
10:56:04,54.17,-0.01,114,617617,卖盘
10:56:07,54.17,0.0,32,173349,卖盘
10:56:10,54.18,0.01,35,189610,买盘
10:56:13,54.17,-0.01,14,75843,卖盘
10:56:16,54.18,0.01,328,1777367,买盘
10:56:18,54.18,0.0,94,509300,买盘
10:56:22,54.18,0.0,786,4259885,卖盘
10:56:25,54.17,-0.01,125,677157,卖盘
10:56:28,54.16,-0.01,74,400828,卖盘
10:56:30,54.16,0.0,12,64993,卖盘
10:56:33,54.17,0.01,42,227507,买盘
10:56:36,54.17,0.0,11,59577,买盘
10:56:40,54.15,-0.02,42,227486,卖盘
10:56:42,54.17,0.02,187,1012698,买盘
10:56:45,54.15,-0.02,61,330317,卖盘
10:56:49,54.15,0.0,15,81228,卖盘
10:56:51,54.16,0.01,59,319503,买盘
10:56:55,54.16,0.0,18,97488,卖盘
10:56:57,54.16,0.0,4,21664,卖盘
10:57:00,54.16,0.0,8,43328,卖盘
10:57:04,54.16,0.0,3,16248,买盘
10:57:07,54.16,0.0,10,54154,买盘
10:57:10,54.15,-0.01,16,86652,卖盘
10:57:13,54.15,0.0,134,725768,卖盘
10:57:16,54.14,-0.01,11,59562,卖盘
10:57:18,54.15,0.01,122,660856,买盘
10:57:22,54.13,-0.02,104,563171,卖盘
10:57:25,54.14,0.01,95,514304,买盘
10:57:28,54.13,-0.01,117,633321,卖盘
10:57:31,54.13,0.0,79,427631,卖盘
10:57:33,54.13,0.0,24,129912,卖盘
10:57:37,54.13,0.0,62,335609,卖盘
10:57:40,54.14,0.01,27,146154,买盘
10:57:43,54.13,-0.01,131,709103,卖盘
10:57:45,54.14,0.01,31,167804,买盘
10:57:48,54.13,-0.01,67,362671,卖盘
10:57:51,54.15,0.02,151,817515,买盘
10:57:55,54.14,-0.01,53,286953,卖盘
10:57:58,54.14,0.0,54,292356,卖盘
10:58:00,54.15,0.01,106,573990,买盘
10:58:04,54.15,0.0,54,292410,卖盘
10:58:07,54.15,0.0,20,108302,卖盘
10:58:09,54.16,0.01,69,373684,买盘
10:58:12,54.16,0.0,7,37910,卖盘
10:58:16,54.18,0.02,28,151679,买盘
10:58:19,54.17,-0.01,65,352044,中性盘
10:58:22,54.16,-0.01,62,335809,卖盘
10:58:24,54.15,-0.01,129,698612,卖盘
10:58:28,54.16,0.01,61,330319,买盘
10:58:31,54.15,-0.01,43,232850,卖盘
10:58:34,54.15,0.0,126,682297,卖盘
10:58:36,54.15,0.0,25,135375,卖盘
10:58:39,54.16,0.01,46,249069,买盘
10:58:43,54.14,-0.02,113,611817,卖盘
10:58:45,54.18,0.04,32,173283,买盘
10:58:49,54.15,-0.03,1,5415,卖盘
10:58:51,54.15,0.0,6,32490,卖盘
10:58:54,54.16,0.01,33,178728,买盘
10:58:57,54.16,0.0,67,362839,买盘
10:59:00,54.16,0.0,31,167871,卖盘
10:59:05,54.16,0.0,37,200384,买盘
10:59:07,54.15,-0.01,23,124546,卖盘
10:59:09,54.16,0.01,28,151631,买盘
10:59:12,54.16,0.0,21,113724,买盘
10:59:15,54.16,0.0,6,32279,买盘
10:59:19,54.16,0.0,4,21881,卖盘
10:59:22,54.15,-0.01,52,281586,卖盘
10:59:25,54.15,0.0,21,113715,卖盘
10:59:28,54.17,0.02,25,135409,买盘
10:59:31,54.15,-0.02,1,5415,卖盘
10:59:34,54.15,0.0,35,189525,卖盘
10:59:37,54.16,0.01,26,140807,买盘
10:59:39,54.18,0.02,111,601341,买盘
10:59:43,54.15,-0.03,108,584891,卖盘
10:59:46,54.17,0.02,353,1912778,卖盘
10:59:48,54.17,0.0,4,21668,买盘
10:59:52,54.15,-0.02,45,243689,卖盘
10:59:55,54.15,0.0,5,27075,买盘
10:59:57,54.14,-0.01,37,200340,卖盘
11:00:01,54.14,0.0,11,59557,卖盘
11:00:04,54.14,0.0,4,21656,卖盘
11:00:07,54.14,0.0,21,113709,卖盘
11:00:09,54.15,0.01,13,70385,买盘
11:00:12,54.14,-0.01,48,259892,卖盘
11:00:15,54.14,0.0,21,113694,卖盘
11:00:18,54.15,0.01,42,227392,买盘
11:00:21,54.14,-0.01,69,373570,卖盘
11:00:24,54.15,0.01,105,568561,买盘
11:00:27,54.14,-0.01,32,173266,卖盘
11:00:31,54.14,0.0,46,249093,卖盘
11:00:33,54.15,0.01,25,135352,买盘
11:00:36,54.16,0.01,21,113719,买盘
11:00:40,54.15,-0.01,10,54151,卖盘
11:00:42,54.14,-0.01,95,514343,卖盘
11:00:46,54.14,0.0,89,481948,卖盘
11:00:49,54.15,0.01,23,124532,中性盘
11:00:52,54.15,0.0,2,10830,中性盘
11:00:54,54.14,-0.01,6,32484,卖盘
11:00:58,54.15,0.01,118,638962,买盘
11:01:00,54.15,0.0,121,655216,卖盘
11:01:04,54.16,0.01,31,167870,买盘
11:01:06,54.15,-0.01,2,10830,卖盘
11:01:09,54.15,0.0,9,48736,卖盘
11:01:12,54.15,0.0,11,59566,卖盘
11:01:15,54.15,0.0,40,216633,卖盘
11:01:19,54.15,0.0,12,64980,卖盘
11:01:22,54.16,0.01,46,249091,买盘
11:01:25,54.15,-0.01,30,162464,卖盘
11:01:27,54.16,0.01,21,113718,买盘
11:01:31,54.16,0.0,45,243626,买盘
11:01:34,54.15,-0.01,10,54150,卖盘
11:01:37,54.15,0.0,89,481938,卖盘
11:01:39,54.16,0.01,73,395320,买盘
11:01:42,54.16,0.0,201,1088423,买盘
11:01:45,54.17,0.01,332,1798131,买盘
11:01:48,54.17,0.0,98,530804,买盘
11:01:52,54.16,-0.01,326,1766230,买盘
11:01:54,54.15,-0.01,116,628191,卖盘
11:01:57,54.16,0.01,35,189477,卖盘
11:02:01,54.16,0.0,3,16248,卖盘
11:02:05,54.17,0.01,54,292504,买盘
11:02:07,54.16,-0.01,19,102960,卖盘
11:02:09,54.15,-0.01,3,16246,卖盘
11:02:13,54.2,0.05,409,2212019,买盘
11:02:15,54.21,0.01,44,238485,买盘
11:02:18,54.2,-0.01,38,205960,卖盘
11:02:22,54.2,0.0,73,395660,卖盘
11:02:25,54.21,0.01,206,1116725,买盘
11:02:28,54.2,-0.01,11,59621,卖盘
11:02:31,54.21,0.01,26,140929,买盘
11:02:33,54.21,0.0,60,325249,买盘
11:02:36,54.2,-0.01,20,111981,卖盘
11:02:40,54.21,0.01,32,173462,买盘
11:02:42,54.2,-0.01,163,883534,卖盘
11:02:45,54.2,0.0,118,639659,卖盘
11:02:49,54.2,0.0,38,205964,卖盘
11:02:51,54.22,0.02,121,655933,买盘
11:02:55,54.22,0.0,41,222258,买盘
11:02:58,54.21,-0.01,3,16263,卖盘
11:03:00,54.21,0.0,9,48793,卖盘
11:03:04,54.22,0.01,34,184347,买盘
11:03:07,54.22,0.0,118,639730,买盘
11:03:09,54.22,0.0,23,124702,买盘
11:03:12,54.22,0.0,131,710275,买盘
11:03:15,54.23,0.01,54,292819,买盘
11:03:18,54.22,-0.01,48,260271,卖盘
11:03:21,54.23,0.01,63,341604,买盘
11:03:24,54.24,0.01,162,878539,买盘
11:03:27,54.22,-0.02,35,189796,卖盘
11:03:30,54.22,0.0,47,254902,卖盘
11:03:33,54.22,0.0,380,2061226,卖盘
11:03:36,54.23,0.01,78,423048,买盘
11:03:40,54.23,0.0,11,59661,卖盘
11:03:43,54.25,0.02,109,591092,买盘
11:03:45,54.24,-0.01,295,1600354,买盘
11:03:49,54.24,0.0,8,43392,买盘
11:03:51,54.24,0.0,73,395888,买盘
11:03:54,54.23,-0.01,35,189838,卖盘
11:03:58,54.24,0.01,12,65081,买盘
11:04:01,54.24,0.0,25,135600,买盘
11:04:04,54.23,-0.01,92,499003,卖盘
11:04:06,54.23,0.0,43,233210,卖盘
11:04:09,54.25,0.02,260,1410441,买盘
11:04:12,54.23,-0.02,18,97631,卖盘
11:04:15,54.25,0.02,49,265818,买盘
11:04:18,54.25,0.0,49,265822,买盘
11:04:22,54.25,0.0,74,401386,买盘
11:04:25,54.25,0.0,153,829999,买盘
11:04:27,54.24,-0.01,45,244115,卖盘
11:04:30,54.24,0.0,91,493586,卖盘
11:04:33,54.25,0.01,160,867939,买盘
11:04:36,54.25,0.0,54,292935,买盘
11:04:40,54.25,0.0,46,249529,买盘
11:04:42,54.24,-0.01,78,423022,卖盘
11:04:45,54.25,0.01,29,157319,买盘
11:04:49,54.24,-0.01,25,135609,中性盘
11:04:52,54.25,0.01,42,227823,买盘
11:04:54,54.24,-0.01,28,151872,卖盘
11:04:57,54.25,0.01,28,151898,买盘
11:05:01,54.24,-0.01,14,75936,卖盘
11:05:04,54.25,0.01,132,716093,买盘
11:05:07,54.25,0.0,49,265821,买盘
11:05:09,54.24,-0.01,35,189851,卖盘
11:05:13,54.25,0.01,27,146474,买盘
11:05:15,54.24,-0.01,72,390599,卖盘
11:05:18,54.25,0.01,101,545282,买盘
11:05:21,54.24,-0.01,65,355245,卖盘
11:05:25,54.25,0.01,44,236037,买盘
11:05:27,54.24,-0.01,69,374240,卖盘
11:05:30,54.26,0.02,30,162742,买盘
11:05:33,54.25,-0.01,48,260371,买盘
11:05:36,54.24,-0.01,36,195278,卖盘
11:05:40,54.24,0.0,100,542411,卖盘
11:05:43,54.23,-0.01,99,536930,卖盘
11:05:45,54.25,0.02,67,363366,买盘
11:05:48,54.25,0.0,35,189848,买盘
11:05:51,54.24,-0.01,12,65077,中性盘
11:05:54,54.23,-0.01,107,580409,卖盘
11:05:57,54.25,0.02,23,124771,买盘
11:06:00,54.23,-0.02,23,124735,卖盘
11:06:04,54.22,-0.01,3,16268,卖盘
11:06:06,54.24,0.02,86,465671,买盘
11:06:09,54.24,0.0,38,206111,买盘
11:06:13,54.24,0.0,32,173567,卖盘
11:06:16,54.22,-0.02,22,119318,卖盘
11:06:18,54.24,0.02,24,130173,买盘
11:06:22,54.23,-0.01,2,10846,中性盘
11:06:24,54.23,0.0,55,298215,买盘
11:06:27,54.23,0.0,31,168113,买盘
11:06:30,54.24,0.01,62,336236,买盘
11:06:34,54.24,0.0,36,195228,买盘
11:06:36,54.22,-0.02,32,173544,卖盘
11:06:39,54.22,0.0,19,103046,卖盘
11:06:43,54.21,-0.01,56,304347,卖盘
11:06:45,54.21,0.0,66,357081,买盘
11:06:49,54.24,0.03,20,108463,买盘
11:06:51,54.21,-0.03,67,363326,卖盘
11:06:54,54.24,0.03,12,65087,买盘
11:06:57,54.21,-0.03,5,27105,卖盘
11:07:00,54.23,0.02,12,65065,买盘
11:07:04,54.21,-0.02,59,319953,卖盘
11:07:07,54.22,0.01,27,146394,买盘
11:07:10,54.21,-0.01,5,27107,卖盘
11:07:13,54.21,0.0,18,97586,卖盘
11:07:15,54.21,0.0,23,124704,卖盘
11:07:19,54.22,0.01,23,124696,买盘
11:07:22,54.21,-0.01,34,185024,卖盘
11:07:25,54.21,0.0,13,70473,买盘
11:07:28,54.2,-0.01,658,3569051,卖盘
11:07:30,54.22,0.02,157,851400,买盘
11:07:33,54.25,0.03,155,840191,买盘
11:07:36,54.24,-0.01,30,162696,中性盘
11:07:40,54.24,0.0,213,1155337,买盘
11:07:43,54.2,-0.04,115,623478,卖盘
11:07:46,54.2,0.0,54,292867,卖盘
11:07:49,54.24,0.04,1,5424,买盘
11:07:52,54.24,0.0,28,151872,买盘
11:07:54,54.23,-0.01,19,103036,买盘
11:07:57,54.21,-0.02,8,43376,卖盘
11:08:01,54.21,0.0,11,63426,卖盘
11:08:04,54.23,0.02,5,27113,买盘
11:08:07,54.21,-0.02,3,16265,卖盘
11:08:09,54.23,0.02,28,151802,买盘
11:08:12,54.23,0.0,36,195214,买盘
11:08:16,54.23,0.0,31,168073,买盘
11:08:19,54.23,0.0,27,146416,买盘
11:08:21,54.22,-0.01,26,140980,卖盘
11:08:24,54.21,-0.01,6,32529,卖盘
11:08:30,54.21,0.0,15,81326,卖盘
11:08:33,54.22,0.01,16,86750,买盘
11:08:36,54.22,0.0,9,48798,买盘
11:08:40,54.22,0.0,23,124704,买盘
11:08:43,54.2,-0.02,101,547445,卖盘
11:08:45,54.21,0.01,90,484774,买盘
11:08:48,54.22,0.01,29,157231,买盘
11:08:51,54.19,-0.03,14,75900,卖盘
11:08:55,54.2,0.01,5,27100,买盘
11:08:57,54.2,0.0,49,265573,买盘
11:09:00,54.2,0.0,44,238422,买盘
11:09:04,54.19,-0.01,1,5419,买盘
11:09:07,54.19,0.0,1,5419,买盘
11:09:10,54.16,-0.03,5,27083,卖盘
11:09:15,54.16,0.0,82,444119,卖盘
11:09:18,54.16,0.0,28,151717,卖盘
11:09:21,54.19,0.03,14,75866,中性盘
11:09:24,54.19,0.0,9,50390,买盘
11:09:30,54.18,-0.01,13,70423,中性盘
11:09:36,54.17,-0.01,3,14628,卖盘
11:09:40,54.17,0.0,36,194997,买盘
11:09:42,54.16,-0.01,12,65003,卖盘
11:09:46,54.15,-0.01,90,487423,卖盘
11:09:48,54.17,0.02,18,97501,买盘
11:09:55,54.16,-0.01,1,5416,买盘
11:09:58,54.15,-0.01,5,27075,卖盘
11:10:00,54.16,0.01,13,70406,买盘
11:10:04,54.16,0.0,24,129981,买盘
11:10:07,54.16,0.0,11,59570,买盘
11:10:09,54.17,0.01,129,698654,买盘
11:10:12,54.17,0.0,36,195072,买盘
11:10:15,54.17,0.0,8,43336,卖盘
11:10:18,54.17,0.0,2,10834,卖盘
11:10:21,54.17,0.0,60,325022,卖盘
11:10:24,54.18,0.01,17,92105,买盘
11:10:27,54.18,0.0,5,27090,买盘
11:10:30,54.18,0.0,2,10836,买盘
11:10:34,54.18,0.0,7,37920,买盘
11:10:36,54.17,-0.01,1,5417,卖盘
11:10:39,54.18,0.01,2,10836,买盘
11:10:43,54.17,-0.01,6,32502,卖盘
11:10:46,54.18,0.01,91,494591,买盘
11:10:49,54.2,0.02,25,135472,买盘
11:10:52,54.2,0.0,129,698961,买盘
11:10:54,54.2,0.0,72,390122,买盘
11:10:57,54.17,-0.03,7,37920,卖盘
11:11:00,54.17,0.0,39,211273,卖盘
11:11:05,54.19,0.02,21,113789,买盘
11:11:06,54.18,-0.01,3,16256,卖盘
11:11:09,54.18,0.0,32,173393,卖盘
11:11:12,54.17,-0.01,19,102956,卖盘
11:11:15,54.2,0.03,16,86715,买盘
11:11:18,54.19,-0.01,1,5419,卖盘
11:11:21,54.19,0.0,14,75867,卖盘
11:11:24,54.19,0.0,22,119218,买盘
11:11:28,54.19,0.0,5,27095,买盘
11:11:30,54.19,0.0,31,167993,买盘
11:11:34,54.2,0.01,23,124658,买盘
11:11:37,54.19,-0.01,1,5419,卖盘
11:11:40,54.2,0.01,29,157166,买盘
11:11:42,54.19,-0.01,36,195117,卖盘
11:11:46,54.2,0.01,83,449750,买盘
11:11:49,54.2,0.0,4,21681,卖盘
11:11:51,54.2,0.0,114,617958,中性盘
11:11:54,54.23,0.03,59,319862,买盘
11:11:58,54.2,-0.03,4,21680,卖盘
11:12:00,54.21,0.01,17,92186,卖盘
11:12:04,54.23,0.02,11,59644,买盘
11:12:07,54.22,-0.01,13,70492,中性盘
11:12:09,54.23,0.01,5,27112,买盘
11:12:13,54.23,0.0,7,37958,买盘
11:12:16,54.22,-0.01,30,162667,卖盘
11:12:19,54.23,0.01,46,249458,买盘
11:12:21,54.23,0.0,83,450135,卖盘
11:12:25,54.23,0.0,45,244062,买盘
11:12:27,54.23,0.0,2,10846,卖盘
11:12:30,54.24,0.01,102,553252,买盘
11:12:33,54.24,0.0,237,1285700,卖盘
11:12:37,54.25,0.01,81,439465,买盘
11:12:39,54.26,0.01,68,368948,买盘
11:12:43,54.25,-0.01,86,466629,卖盘
11:12:46,54.26,0.01,102,553364,买盘
11:12:48,54.26,0.0,267,1448718,买盘
11:12:51,54.25,-0.01,295,1600648,卖盘
11:12:54,54.25,0.0,102,553408,买盘
11:12:58,54.26,0.01,97,526291,买盘
11:13:01,54.25,-0.01,58,314691,卖盘
11:13:05,54.25,0.0,3,16275,卖盘
11:13:07,54.26,0.01,314,1704469,买盘
11:13:10,54.27,0.01,57,309338,买盘
11:13:13,54.27,0.0,166,900837,买盘
11:13:15,54.28,0.01,29,157411,买盘
11:13:22,54.27,-0.01,248,1346036,卖盘
11:13:25,54.27,0.0,177,960752,卖盘
11:13:28,54.28,0.01,54,293109,买盘
11:13:31,54.27,-0.01,23,121950,卖盘
11:13:33,54.27,0.0,97,526473,卖盘
11:13:37,54.28,0.01,837,4546484,买盘
11:13:39,54.28,0.0,158,857894,卖盘
11:13:43,54.3,0.02,38,206340,买盘
11:13:45,54.29,-0.01,107,580816,买盘
11:13:49,54.29,0.0,153,830778,卖盘
11:13:51,54.28,-0.01,34,184610,卖盘
11:13:54,54.29,0.01,23,124867,买盘
11:13:58,54.28,-0.01,37,200849,卖盘
11:14:01,54.28,0.0,5,27141,卖盘
11:14:04,54.29,0.01,31,168294,买盘
11:14:07,54.29,0.0,8,43430,买盘
11:14:09,54.28,-0.01,136,738275,卖盘
11:14:13,54.3,0.02,54,293182,买盘
11:14:16,54.26,-0.04,285,1547395,卖盘
11:14:18,54.26,0.0,74,401517,买盘
11:14:21,54.25,-0.01,35,189875,卖盘
11:14:25,54.26,0.01,18,97668,买盘
11:14:28,54.26,0.0,58,314682,买盘
11:14:31,54.26,0.0,10,54260,买盘
11:14:33,54.27,0.01,64,347299,买盘
11:14:37,54.27,0.0,10,54269,买盘
11:14:39,54.26,-0.01,2,10852,买盘
11:14:42,54.25,-0.01,160,868023,卖盘
11:14:45,54.27,0.02,50,271336,买盘
11:14:49,54.26,-0.01,13,70538,卖盘
11:14:51,54.26,0.0,29,157355,卖盘
11:14:54,54.26,0.0,29,157351,买盘
11:14:58,54.26,0.0,9,48834,买盘
11:15:00,54.26,0.0,34,184480,买盘
11:15:04,54.26,0.0,33,179067,买盘
11:15:07,54.26,0.0,1,5426,卖盘
11:15:10,54.27,0.01,9,48835,买盘
11:15:13,54.26,-0.01,21,113946,卖盘
11:15:15,54.26,0.0,66,358171,卖盘
11:15:19,54.27,0.01,20,108536,买盘
11:15:21,54.26,-0.01,110,596941,卖盘
11:15:24,54.27,0.01,46,249647,买盘
11:15:28,54.27,0.0,13,70548,买盘
11:15:31,54.26,-0.01,18,97676,卖盘
11:15:33,54.27,0.01,25,135673,买盘
11:15:36,54.27,0.0,10,54270,卖盘
11:15:39,54.28,0.01,4,21712,买盘
11:15:42,54.26,-0.02,161,873648,卖盘
11:15:45,54.27,0.01,53,287672,买盘
11:15:49,54.27,0.0,16,86835,卖盘
11:15:51,54.27,0.0,56,303947,卖盘
11:15:54,54.27,0.0,41,222512,买盘
11:15:57,54.27,0.0,5,27135,买盘
11:16:01,54.26,-0.01,3,16278,卖盘
11:16:05,54.26,0.0,18,97673,卖盘
11:16:06,54.27,0.01,9,48841,买盘
11:16:09,54.26,-0.01,75,406971,卖盘
11:16:13,54.26,0.0,22,119372,买盘
11:16:16,54.26,0.0,53,287578,买盘
11:16:18,54.27,0.01,15,81395,买盘
11:16:21,54.26,-0.01,45,244170,买盘
11:16:24,54.26,0.0,12,63813,卖盘
11:16:27,54.27,0.01,11,59697,买盘
11:16:30,54.26,-0.01,49,265916,卖盘
11:16:33,54.27,0.01,4,21708,买盘
11:16:37,54.26,-0.01,3,16278,卖盘
11:16:40,54.26,0.0,16,86830,卖盘
11:16:43,54.26,0.0,184,998255,卖盘
11:16:45,54.26,0.0,71,385184,卖盘
11:16:48,54.26,0.0,41,222490,买盘
11:16:51,54.25,-0.01,76,413624,卖盘
11:16:54,54.27,0.02,50,271318,买盘
11:16:57,54.27,0.0,17,92258,买盘
11:17:00,54.26,-0.01,38,206154,中性盘
11:17:04,54.26,0.0,21,113946,买盘
11:17:06,54.26,0.0,19,103093,买盘
11:17:09,54.27,0.01,22,119385,买盘
11:17:12,54.26,-0.01,6,32556,卖盘
11:17:16,54.27,0.01,15,81403,买盘
11:17:19,54.26,-0.01,6,32556,卖盘
11:17:21,54.23,-0.03,102,553323,卖盘
11:17:25,54.26,0.03,45,244151,买盘
11:17:27,54.26,0.0,28,151928,买盘
11:17:30,54.26,0.0,5,27130,买盘
11:17:34,54.25,-0.01,31,168197,买盘
11:17:36,54.26,0.01,12,65111,买盘
11:17:39,54.24,-0.02,59,320129,卖盘
11:17:43,54.23,-0.01,192,1041514,卖盘
11:17:46,54.27,0.04,67,363538,买盘
11:17:48,54.26,-0.01,37,200792,中性盘
11:17:51,54.26,0.0,30,162792,卖盘
11:17:55,54.26,0.0,26,141076,买盘
11:17:58,54.25,-0.01,3,16275,卖盘
11:18:01,54.26,0.01,2,10852,买盘
11:18:04,54.24,-0.02,1,5424,中性盘
11:18:06,54.24,0.0,62,336349,卖盘
11:18:09,54.25,0.01,33,179021,买盘
11:18:12,54.24,-0.01,37,200706,卖盘
11:18:16,54.25,0.01,2,10850,买盘
11:18:18,54.25,0.0,33,179010,买盘
11:18:21,54.24,-0.01,18,97646,卖盘
11:18:24,54.24,0.0,89,482736,卖盘
11:18:27,54.24,0.0,71,385104,买盘
11:18:30,54.24,0.0,24,130176,买盘
11:18:33,54.24,0.0,36,195251,买盘
11:18:36,54.23,-0.01,24,130171,卖盘
11:18:39,54.25,0.02,48,260363,买盘
11:18:43,54.25,0.0,197,1068403,买盘
11:18:45,54.23,-0.02,75,406853,卖盘
11:18:48,54.25,0.02,18,97644,买盘
11:18:52,54.24,-0.01,79,425085,卖盘
11:18:54,54.24,0.0,37,204158,卖盘
11:18:58,54.25,0.01,12,65090,买盘
11:19:01,54.24,-0.01,25,135600,买盘
11:19:04,54.24,0.0,43,233215,买盘
11:19:06,54.24,0.0,22,119327,买盘
11:19:09,54.24,0.0,8,43392,买盘
11:19:12,54.24,0.0,950,5151898,买盘
11:19:15,54.24,0.0,24,130176,买盘
11:19:18,54.23,-0.01,22,119324,卖盘
11:19:21,54.23,0.0,7,37961,卖盘
11:19:24,54.23,0.0,39,211498,卖盘
11:19:27,54.25,0.02,190,1030617,买盘
11:19:31,54.23,-0.02,3,16269,卖盘
11:19:33,54.23,0.0,85,461059,卖盘
11:19:36,54.23,0.0,23,124730,卖盘
11:19:40,54.23,0.0,52,281997,卖盘
11:19:42,54.24,0.01,177,959890,买盘
11:19:46,54.24,0.0,60,325440,买盘
11:19:48,54.24,0.0,25,135600,卖盘
11:19:52,54.24,0.0,52,282048,卖盘
11:19:55,54.25,0.01,2,10849,买盘
11:19:58,54.25,0.0,172,933098,买盘
11:20:00,54.24,-0.01,20,108491,卖盘
11:20:04,54.24,0.0,13,70522,卖盘
11:20:06,54.24,0.0,15,81370,卖盘
11:20:10,54.25,0.01,14,75942,买盘
11:20:12,54.24,-0.01,23,124752,卖盘
11:20:16,54.25,0.01,18,97634,买盘
11:20:19,54.24,-0.01,14,75937,卖盘
11:20:22,54.24,0.0,104,564098,卖盘
11:20:24,54.25,0.01,289,1565300,买盘
11:20:27,54.25,0.0,66,358050,卖盘
11:20:30,54.25,0.0,65,352625,卖盘
11:20:34,54.25,0.0,15,81375,卖盘
11:20:36,54.25,0.0,40,217000,卖盘
11:20:40,54.25,0.0,28,151901,卖盘
11:20:42,54.25,0.0,7,37978,卖盘
11:20:45,54.24,-0.01,48,262868,卖盘
11:20:48,54.24,0.0,22,119328,买盘
11:20:52,54.23,-0.01,84,455543,卖盘
11:20:54,54.23,0.0,8,43384,卖盘
11:20:58,54.23,0.0,8,43384,卖盘
11:21:00,54.22,-0.01,12,65065,卖盘
11:21:04,54.22,0.0,10,54220,买盘
11:21:07,54.24,0.02,260,1410012,买盘
11:21:10,54.25,0.01,3,16273,买盘
11:21:13,54.25,0.0,15,81362,买盘
11:21:16,54.24,-0.01,12,65088,卖盘
11:21:18,54.24,0.0,39,211536,卖盘
11:21:22,54.24,0.0,36,195264,卖盘
11:21:25,54.25,0.01,11,59672,买盘
11:21:28,54.24,-0.01,17,92208,卖盘
11:21:31,54.24,0.0,5,27120,卖盘
11:21:34,54.24,0.0,5,27120,卖盘
11:21:36,54.25,0.01,41,222404,买盘
11:21:40,54.24,-0.01,7,37969,卖盘
11:21:43,54.25,0.01,56,303791,买盘
11:21:46,54.23,-0.02,39,211525,卖盘
11:21:49,54.23,0.0,2,10846,买盘
11:21:52,54.23,0.0,9,48805,买盘
11:21:54,54.22,-0.01,7,37954,买盘
11:21:58,54.21,-0.01,20,108433,卖盘
11:22:00,54.21,0.0,310,1680510,卖盘
11:22:04,54.21,0.0,15,81313,买盘
11:22:07,54.2,-0.01,13,70460,卖盘
11:22:10,54.21,0.01,23,124670,买盘
11:22:12,54.21,0.0,44,238509,买盘
11:22:16,54.21,0.0,9,48787,买盘
11:22:18,54.2,-0.01,27,146340,卖盘
11:22:21,54.2,0.0,58,314361,卖盘
11:22:27,54.2,0.0,11,59620,买盘
11:22:31,54.19,-0.01,23,124643,卖盘
11:22:33,54.18,-0.01,100,541816,卖盘
11:22:37,54.2,0.02,7,37940,买盘
11:22:39,54.19,-0.01,27,146313,买盘
11:22:43,54.19,0.0,84,455113,买盘
11:22:46,54.17,-0.02,47,252996,卖盘
11:22:48,54.15,-0.02,26,140801,卖盘
11:22:51,54.17,0.02,87,471249,买盘
11:22:55,54.15,-0.02,3,16247,卖盘
11:22:57,54.15,0.0,168,909723,卖盘
11:23:01,54.15,0.0,50,270761,卖盘
11:23:04,54.15,0.0,19,102885,卖盘
11:23:07,54.15,0.0,23,124546,卖盘
11:23:09,54.16,0.01,19,102895,买盘
11:23:13,54.15,-0.01,6,32490,卖盘
11:23:15,54.16,0.01,62,335744,买盘
11:23:19,54.14,-0.02,11,59561,卖盘
11:23:21,54.14,0.0,32,173253,卖盘
11:23:25,54.13,-0.01,49,265281,卖盘
11:23:27,54.12,-0.01,99,535804,卖盘
11:23:31,54.11,-0.01,65,351779,卖盘
11:23:33,54.11,0.0,56,303123,卖盘
11:23:36,54.13,0.02,6,32478,中性盘
11:23:40,54.11,-0.02,21,113667,卖盘
11:23:42,54.11,0.0,56,303022,卖盘
11:23:45,54.1,-0.01,195,1055109,卖盘
11:23:49,54.14,0.04,7,37894,买盘
11:23:52,54.11,-0.03,7,37877,卖盘
11:23:54,54.1,-0.01,20,108213,卖盘
11:23:57,54.1,0.0,24,129863,卖盘
11:24:01,54.1,0.0,38,205607,卖盘
11:24:04,54.12,0.02,15,81165,买盘
11:24:06,54.12,0.0,2,10824,卖盘
11:24:09,54.11,-0.01,10,54119,卖盘
11:24:12,54.12,0.01,3,16236,买盘
11:24:15,54.12,0.0,7,37884,买盘
11:24:19,54.12,0.0,11,59531,买盘
11:24:21,54.11,-0.01,37,200212,卖盘
11:24:25,54.12,0.01,64,346314,买盘
11:24:27,54.12,0.0,46,248950,买盘
11:24:31,54.12,0.0,11,59532,卖盘
11:24:33,54.12,0.0,4,21648,卖盘
11:24:39,54.13,0.01,15,81193,买盘
11:24:42,54.12,-0.01,34,184013,卖盘
11:24:45,54.11,-0.01,185,1001226,卖盘
11:24:48,54.11,0.0,28,151508,买盘
11:24:51,54.1,-0.01,61,330063,卖盘
11:24:57,54.13,0.03,15,81194,买盘
11:25:00,54.12,-0.01,11,59542,中性盘
11:25:05,54.12,0.0,214,1157807,买盘
11:25:07,54.12,0.0,20,108227,买盘
11:25:10,54.12,0.0,31,167757,买盘
11:25:12,54.12,0.0,13,70356,买盘
11:25:15,54.13,0.01,20,108260,买盘
11:25:24,54.12,-0.01,56,303083,卖盘
11:25:27,54.12,0.0,29,156948,买盘
11:25:30,54.11,-0.01,4,21644,卖盘
11:25:33,54.12,0.01,112,606287,买盘
11:25:36,54.11,-0.01,15,81167,卖盘
11:25:39,54.15,0.04,5,27073,买盘
11:25:42,54.14,-0.01,18,97462,卖盘
11:25:46,54.13,-0.01,78,422271,卖盘
11:25:49,54.13,0.0,3,16239,买盘
11:25:51,54.12,-0.01,157,849836,卖盘
11:25:54,54.15,0.03,23,124530,买盘
11:25:58,54.14,-0.01,7,37898,中性盘
11:26:01,54.13,-0.01,5,27066,卖盘
11:26:04,54.13,0.0,7,37896,卖盘
11:26:07,54.14,0.01,3,16242,买盘
11:26:10,54.13,-0.01,21,113684,卖盘
11:26:12,54.14,0.01,12,64966,买盘
11:26:15,54.14,0.0,1,5414,买盘
11:26:18,54.14,0.0,59,319413,买盘
11:26:21,54.13,-0.01,47,254417,卖盘
11:26:27,54.15,0.02,7,37899,买盘
11:26:31,54.15,0.0,30,162427,买盘
11:26:34,54.15,0.0,5,27075,买盘
11:26:36,54.15,0.0,5,27075,买盘
11:26:39,54.15,0.0,1,5415,买盘
11:26:42,54.15,0.0,10,54147,买盘
11:26:46,54.15,0.0,181,979951,买盘
11:26:48,54.15,0.0,28,151620,买盘
11:26:52,54.14,-0.01,81,438547,卖盘
11:26:54,54.15,0.01,13,70395,买盘
11:26:57,54.14,-0.01,97,525158,卖盘
11:27:01,54.13,-0.01,11,59550,卖盘
11:27:04,54.14,0.01,53,286942,买盘
11:27:06,54.13,-0.01,29,156997,卖盘
11:27:10,54.14,0.01,12,64968,买盘
11:27:12,54.14,0.0,10,54140,买盘
11:27:15,54.14,0.0,47,254432,买盘
11:27:19,54.14,0.0,89,481846,买盘
11:27:22,54.14,0.0,20,108293,卖盘
11:27:24,54.13,-0.01,8,43309,卖盘
11:27:27,54.13,0.0,80,433042,卖盘
11:27:30,54.14,0.01,103,557627,买盘
11:27:33,54.13,-0.01,59,319421,卖盘
11:27:36,54.14,0.01,5,27071,中性盘
11:27:39,54.14,0.0,16,86616,卖盘
11:27:42,54.13,-0.01,44,238191,卖盘
11:27:46,54.12,-0.01,194,1050069,卖盘
11:27:49,54.14,0.02,40,216482,买盘
11:27:52,54.15,0.01,266,1440244,买盘
11:27:55,54.13,-0.02,53,286983,卖盘
11:28:00,54.15,0.02,30,162408,买盘
11:28:04,54.15,0.0,3,16245,卖盘
11:28:07,54.15,0.0,65,351985,卖盘
11:28:10,54.16,0.01,7,37911,买盘
11:28:13,54.16,0.0,19,102895,买盘
11:28:15,54.15,-0.01,7,37908,卖盘
11:28:19,54.15,0.0,17,92055,卖盘
11:28:22,54.15,0.0,94,509029,卖盘
11:28:25,54.16,0.01,11,59566,买盘
11:28:28,54.16,0.0,46,249135,买盘
11:28:31,54.15,-0.01,103,556641,卖盘
11:28:33,54.16,0.01,6,35365,中性盘
11:28:36,54.16,0.0,5,27080,卖盘
11:28:39,54.17,0.01,6,32502,买盘
11:28:42,54.16,-0.01,5,27081,卖盘
11:28:46,54.15,-0.01,300,1624637,卖盘
11:28:49,54.15,0.0,12,64986,卖盘
11:28:51,54.16,0.01,21,113744,中性盘
11:28:55,54.16,0.0,9,48742,买盘
11:28:57,54.15,-0.01,24,126333,卖盘
11:29:01,54.16,0.01,10,54160,买盘
11:29:04,54.16,0.0,35,189554,买盘
11:29:07,54.16,0.0,27,146238,卖盘
11:29:09,54.16,0.0,20,108321,卖盘
11:29:13,54.16,0.0,15,81249,卖盘
11:29:16,54.16,0.0,33,178759,卖盘
11:29:18,54.16,0.0,20,108330,卖盘
11:29:21,54.16,0.0,45,243720,卖盘
11:29:24,54.17,0.01,17,92087,买盘
11:29:28,54.16,-0.01,44,238301,中性盘
11:29:31,54.17,0.01,31,169558,买盘
11:29:33,54.16,-0.01,3,16249,买盘
11:29:36,54.17,0.01,3,16251,中性盘
11:29:39,54.17,0.0,11,59587,卖盘
11:29:42,54.17,0.0,8,43336,买盘
11:29:45,54.18,0.01,179,969457,买盘
11:29:48,54.15,-0.03,3,16246,卖盘
11:29:51,54.17,0.02,34,184178,卖盘
11:29:54,54.17,0.0,65,352105,卖盘
11:29:57,54.2,0.03,146,791222,买盘
11:30:00,54.21,0.01,54,293177,买盘
13:00:00,54.22,0.01,31,168063,买盘
13:00:04,54.25,0.03,836,4532925,买盘
13:00:07,54.22,-0.03,330,1789858,卖盘
13:00:10,54.23,0.01,98,531402,卖盘
13:00:13,54.25,0.02,82,444835,买盘
13:00:15,54.26,0.01,25,135645,买盘
13:00:18,54.25,-0.01,25,135646,卖盘
13:00:21,54.26,0.01,98,531748,买盘
13:00:25,54.25,-0.01,33,179050,卖盘
13:00:27,54.27,0.02,17,92254,买盘
13:00:31,54.28,0.01,133,721790,买盘
13:00:33,54.28,0.0,150,814152,买盘
13:00:36,54.28,0.0,214,1161576,买盘
13:00:39,54.28,0.0,51,276827,买盘
13:00:42,54.28,0.0,128,694729,买盘
13:00:45,54.28,0.0,44,238832,买盘
13:00:48,54.27,-0.01,431,2339306,卖盘
13:00:52,54.28,0.01,21,113988,买盘
13:00:54,54.28,0.0,152,825056,买盘
13:00:58,54.29,0.01,239,1297386,买盘
13:01:01,54.28,-0.01,67,363716,卖盘
13:01:04,54.29,0.01,95,515717,买盘
13:01:07,54.29,0.0,37,200848,买盘
13:01:09,54.29,0.0,47,255149,买盘
13:01:13,54.29,0.0,5,27145,买盘
13:01:16,54.29,0.0,53,286976,买盘
13:01:19,54.3,0.01,194,1053405,买盘
13:01:22,54.29,-0.01,16,86873,卖盘
13:01:25,54.29,0.0,110,597280,卖盘
13:01:27,54.29,0.0,51,276869,卖盘
13:01:30,54.3,0.01,199,1080542,买盘
13:01:34,54.3,0.0,114,619177,买盘
13:01:36,54.28,-0.02,118,640690,卖盘
13:01:39,54.3,0.02,62,336570,买盘
13:01:43,54.3,0.0,226,1227178,买盘
13:01:45,54.3,0.0,60,325795,买盘
13:01:49,54.28,-0.02,135,733278,卖盘
13:01:51,54.27,-0.01,3,16282,卖盘
13:01:55,54.27,0.0,40,217105,卖盘
13:01:57,54.28,0.01,8,43424,买盘
13:02:01,54.27,-0.01,33,179104,卖盘
13:02:04,54.28,0.01,63,341927,买盘
13:02:06,54.28,0.0,9,48852,买盘
13:02:09,54.28,0.0,54,292628,买盘
13:02:12,54.29,0.01,32,173708,买盘
13:02:15,54.3,0.01,22,119460,买盘
13:02:18,54.29,-0.01,41,222590,卖盘
13:02:22,54.3,0.01,13,70586,买盘
13:02:25,54.29,-0.01,114,619015,买盘
13:02:28,54.29,0.0,103,559136,卖盘
13:02:31,54.28,-0.01,61,331218,卖盘
13:02:33,54.3,0.02,174,944515,买盘
13:02:37,54.28,-0.02,139,754593,卖盘
13:02:39,54.3,0.02,47,255134,买盘
13:02:43,54.3,0.0,68,369186,买盘
13:02:45,54.28,-0.02,31,168280,卖盘
13:02:49,54.26,-0.02,95,516034,卖盘
13:02:51,54.25,-0.01,78,423256,卖盘
13:02:55,54.26,0.01,20,108520,买盘
13:02:58,54.26,0.0,35,189916,中性盘
13:03:00,54.25,-0.01,17,92242,卖盘
13:03:05,54.26,0.01,47,255039,买盘
13:03:07,54.25,-0.01,26,141055,卖盘
13:03:10,54.25,0.0,16,86814,卖盘
13:03:13,54.25,0.0,72,390671,卖盘
13:03:15,54.25,0.0,54,293012,卖盘
13:03:18,54.29,0.04,34,184543,卖盘
13:03:21,54.3,0.01,64,347472,买盘
13:03:24,54.26,-0.04,36,195458,卖盘
13:03:27,54.29,0.03,67,363727,买盘
13:03:30,54.3,0.01,26,141163,买盘
13:03:33,54.29,-0.01,12,65146,买盘
13:03:39,54.28,-0.01,7,37999,卖盘
13:03:43,54.28,0.0,19,103130,买盘
13:03:45,54.26,-0.02,28,151968,卖盘
13:03:49,54.29,0.03,303,1644467,买盘
13:03:52,54.28,-0.01,41,222607,中性盘
13:03:55,54.28,0.0,26,141138,卖盘
13:03:58,54.3,0.02,96,521256,买盘
13:04:01,54.28,-0.02,23,124870,卖盘
13:04:04,54.28,0.0,14,76003,卖盘
13:04:07,54.29,0.01,19,103149,买盘
13:04:10,54.29,0.0,8,43429,买盘
13:04:12,54.29,0.0,7,38003,买盘
13:04:15,54.29,0.0,22,119433,买盘
13:04:18,54.3,0.01,511,2774677,买盘
13:04:21,54.29,-0.01,145,787394,买盘
13:04:24,54.29,0.0,31,168298,买盘
13:04:27,54.32,0.03,71,386927,买盘
13:04:30,54.29,-0.03,12,65155,卖盘
13:04:33,54.32,0.03,91,494258,买盘
13:04:36,54.31,-0.01,16,86900,买盘
13:04:39,54.31,0.0,14,76034,买盘
13:04:42,54.31,0.0,32,173791,买盘
13:04:46,54.31,0.0,15,81467,买盘
13:04:48,54.29,-0.02,173,939394,卖盘
13:04:52,54.3,0.01,53,287850,买盘
13:04:54,54.32,0.02,64,347901,中性盘
13:04:57,54.33,0.01,31,168084,买盘
13:05:00,54.32,-0.01,52,282500,卖盘
13:05:04,54.32,0.0,9,48885,中性盘
13:05:06,54.32,0.0,99,537820,买盘
13:05:10,54.33,0.01,43,233619,买盘
13:05:12,54.33,0.0,20,108992,买盘
13:05:16,54.32,-0.01,5,26837,卖盘
13:05:18,54.34,0.02,187,1016224,卖盘
13:05:22,54.33,-0.01,46,249967,中性盘
13:05:25,54.35,0.02,58,315184,买盘
13:05:27,54.32,-0.03,65,353160,卖盘
13:05:31,54.34,0.02,26,141293,买盘
13:05:33,54.34,0.0,97,527131,卖盘
13:05:36,54.34,0.0,15,81524,卖盘
13:05:39,54.35,0.01,16,86965,买盘
13:05:42,54.35,0.0,11,59783,卖盘
13:05:45,54.35,0.0,60,326104,卖盘
13:05:49,54.34,-0.01,180,978158,卖盘
13:05:51,54.35,0.01,71,385913,买盘
13:05:55,54.36,0.01,52,282658,买盘
13:05:57,54.35,-0.01,92,500077,卖盘
13:06:00,54.36,0.01,212,1152758,买盘
13:06:05,54.37,0.01,103,559963,买盘
13:06:07,54.36,-0.01,96,521945,卖盘
13:06:10,54.38,0.02,44,239250,买盘
13:06:12,54.36,-0.02,51,277284,卖盘
13:06:16,54.37,0.01,79,429511,中性盘
13:06:18,54.38,0.01,30,163133,买盘
13:06:21,54.37,-0.01,141,766709,卖盘
13:06:24,54.37,0.0,121,658003,卖盘
13:06:27,54.38,0.01,77,418735,中性盘
13:06:30,54.36,-0.02,233,1266746,卖盘
13:06:34,54.36,0.0,203,1103866,卖盘
13:06:36,54.34,-0.02,151,820727,卖盘
13:06:40,54.34,0.0,104,565435,卖盘
13:06:43,54.38,0.04,27,146756,买盘
13:06:46,54.34,-0.04,112,608925,卖盘
13:06:48,54.37,0.03,195,1055742,卖盘
13:06:51,54.34,-0.03,87,473005,卖盘
13:06:54,54.35,0.01,66,358732,卖盘
13:06:57,54.38,0.03,132,717545,买盘
13:07:01,54.35,-0.03,34,188531,买盘
13:07:04,54.34,-0.01,38,206503,买盘
13:07:06,54.34,0.0,72,391247,买盘
13:07:10,54.36,0.02,128,691922,买盘
13:07:12,54.37,0.01,33,179415,买盘
13:07:16,54.37,0.0,23,125046,买盘
13:07:18,54.37,0.0,18,97866,卖盘
13:07:21,54.38,0.01,62,337105,买盘
13:07:24,54.38,0.0,31,168536,买盘
13:07:28,54.37,-0.01,43,233829,卖盘
13:07:31,54.36,-0.01,19,103313,卖盘
13:07:34,54.37,0.01,88,478459,买盘
13:07:37,54.39,0.02,46,250165,买盘
13:07:39,54.38,-0.01,2,10875,中性盘
13:07:42,54.37,-0.01,76,413214,卖盘
13:07:45,54.37,0.0,57,309939,卖盘
13:07:48,54.38,0.01,174,949692,买盘
13:07:51,54.38,0.0,70,380589,买盘
13:07:55,54.35,-0.03,12,65229,卖盘
13:07:57,54.38,0.03,34,184849,买盘
13:08:00,54.35,-0.03,13,70678,卖盘
13:08:05,54.36,0.01,17,92426,中性盘
13:08:07,54.35,-0.01,17,92416,卖盘
13:08:10,54.35,0.0,1,5435,卖盘
13:08:13,54.35,0.0,86,467422,卖盘
13:08:15,54.36,0.01,40,217761,买盘
13:08:18,54.36,0.0,18,97534,卖盘
13:08:21,54.36,0.0,27,146768,买盘
13:08:24,54.34,-0.02,1,5434,卖盘
13:08:27,54.36,0.02,89,484120,买盘
13:08:31,54.36,0.0,33,179413,卖盘
13:08:34,54.36,0.0,34,184515,卖盘
13:08:37,54.36,0.0,8,43487,买盘
13:08:40,54.36,0.0,19,103284,买盘
13:08:43,54.36,0.0,15,81537,买盘
13:08:45,54.35,-0.01,110,597945,卖盘
13:08:49,54.36,0.01,216,1173945,买盘
13:08:52,54.35,-0.01,26,141323,中性盘
13:08:55,54.35,0.0,63,342403,买盘
13:08:58,54.35,0.0,10,49893,卖盘
13:09:00,54.36,0.01,42,228301,买盘
13:09:04,54.33,-0.03,74,406685,卖盘
13:09:06,54.36,0.03,66,358739,买盘
13:09:09,54.33,-0.03,16,86952,卖盘
13:09:12,54.36,0.03,48,260898,买盘
13:09:16,54.35,-0.01,12,65215,买盘
13:09:18,54.35,0.0,33,179385,卖盘
13:09:22,54.35,0.0,28,152188,卖盘
13:09:25,54.33,-0.02,36,195611,卖盘
13:09:28,54.32,-0.01,64,347735,卖盘
13:09:31,54.33,0.01,66,358659,买盘
13:09:34,54.32,-0.01,137,744218,卖盘
13:09:37,54.3,-0.02,23,124904,卖盘
13:09:39,54.3,0.0,113,613753,卖盘
13:09:42,54.32,0.02,98,532154,中性盘
13:09:45,54.35,0.03,79,429379,买盘
13:09:48,54.32,-0.03,188,1021240,卖盘
13:09:51,54.3,-0.02,454,2466260,卖盘
13:09:55,54.3,0.0,94,510394,买盘
13:09:57,54.28,-0.02,75,407186,卖盘
13:10:01,54.27,-0.01,72,390851,卖盘
13:10:05,54.27,0.0,41,222544,卖盘
13:10:07,54.3,0.03,111,602524,买盘
13:10:10,54.27,-0.03,27,146557,卖盘
13:10:12,54.28,0.01,14,75985,买盘
13:10:16,54.3,0.02,30,162890,买盘
13:10:19,54.3,0.0,23,124846,买盘
13:10:21,54.28,-0.02,98,532077,卖盘
13:10:24,54.28,0.0,44,238908,卖盘
13:10:27,54.3,0.02,42,228031,买盘
13:10:30,54.29,-0.01,30,162890,中性盘
13:10:33,54.3,0.01,397,2155636,买盘
13:10:36,54.3,0.0,92,499766,卖盘
13:10:40,54.3,0.0,136,739066,卖盘
13:10:43,54.35,0.05,68,369308,中性盘
13:10:45,54.3,-0.05,156,847906,卖盘
13:10:49,54.34,0.04,23,124981,买盘
13:10:51,54.34,0.0,82,445541,买盘
13:10:54,54.34,0.0,11,59773,买盘
13:10:57,54.34,0.0,38,206441,买盘
13:11:00,54.33,-0.01,63,342254,卖盘
13:11:05,54.34,0.01,113,614074,买盘
13:11:07,54.33,-0.01,35,190230,卖盘
13:11:09,54.36,0.03,26,141329,买盘
13:11:13,54.35,-0.01,204,1108746,买盘
13:11:16,54.35,0.0,450,2445823,卖盘
13:11:19,54.32,-0.03,109,592358,卖盘
13:11:22,54.35,0.03,111,603285,买盘
13:11:24,54.35,0.0,83,451085,买盘
13:11:28,54.33,-0.02,27,146734,卖盘
13:11:30,54.34,0.01,22,119560,买盘
13:11:33,54.33,-0.01,71,385797,卖盘
13:11:36,54.33,0.0,35,190138,买盘
13:11:40,54.33,0.0,36,195565,买盘
13:11:42,54.33,0.0,36,195593,买盘
13:11:46,54.32,-0.01,68,369461,卖盘
13:11:49,54.32,0.0,88,478166,卖盘
13:11:52,54.32,0.0,75,407374,买盘
13:11:54,54.32,0.0,91,494291,买盘
13:11:58,54.31,-0.01,137,744149,卖盘
13:12:00,54.33,0.02,41,222786,买盘
13:12:04,54.33,0.0,83,450908,买盘
13:12:06,54.33,0.0,58,315154,卖盘
13:12:09,54.33,0.0,118,641191,卖盘
13:12:12,54.33,0.0,69,374959,卖盘
13:12:15,54.33,0.0,53,288017,卖盘
13:12:19,54.33,0.0,25,135838,卖盘
13:12:22,54.33,0.0,118,641143,卖盘
13:12:24,54.34,0.01,24,130406,买盘
13:12:28,54.33,-0.01,47,255378,卖盘
13:12:30,54.33,0.0,22,119546,卖盘
13:12:34,54.34,0.01,94,510721,买盘
13:12:36,54.34,0.0,40,217376,买盘
13:12:39,54.34,0.0,25,135842,卖盘
13:12:43,54.34,0.0,36,195626,卖盘
13:12:46,54.35,0.01,80,434723,买盘
13:12:49,54.33,-0.02,165,896470,卖盘
13:12:51,54.33,0.0,75,407613,卖盘
13:12:55,54.34,0.01,34,184751,买盘
13:12:58,54.35,0.01,851,4625462,买盘
13:13:01,54.35,0.0,270,1468000,卖盘
13:13:05,54.36,0.01,39,211966,买盘
13:13:07,54.35,-0.01,112,608912,卖盘
13:13:10,54.35,0.0,46,249738,卖盘
13:13:13,54.34,-0.01,76,413054,卖盘
13:13:16,54.33,-0.01,55,298867,卖盘
13:13:19,54.33,0.0,2,10867,卖盘
13:13:21,54.33,0.0,77,418365,卖盘
13:13:24,54.34,0.01,110,597723,买盘
13:13:27,54.33,-0.01,29,157587,卖盘
13:13:30,54.34,0.01,35,190204,中性盘
13:13:33,54.33,-0.01,69,372387,卖盘
13:13:37,54.33,0.0,97,527030,卖盘
13:13:39,54.33,0.0,28,152132,卖盘
13:13:43,54.34,0.01,139,755337,买盘
13:13:45,54.34,0.0,95,516241,卖盘
13:13:49,54.33,-0.01,75,410119,卖盘
13:13:51,54.33,0.0,53,287942,买盘
13:13:54,54.34,0.01,108,584213,买盘
13:13:58,54.35,0.01,54,293502,卖盘
13:14:01,54.37,0.02,53,288111,买盘
13:14:05,54.36,-0.01,62,336987,买盘
13:14:07,54.36,0.0,52,282654,买盘
13:14:10,54.37,0.01,64,347968,买盘
13:14:13,54.37,0.0,32,173994,买盘
13:14:15,54.37,0.0,39,212035,买盘
13:14:18,54.37,0.0,66,358906,卖盘
13:14:21,54.37,0.0,40,217501,卖盘
13:14:25,54.37,0.0,39,212074,卖盘
13:14:27,54.39,0.02,124,677580,买盘
13:14:30,54.37,-0.02,43,233824,卖盘
13:14:33,54.37,0.0,34,181602,卖盘
13:14:36,54.37,0.0,80,438222,买盘
13:14:39,54.37,0.0,13,70685,卖盘
13:14:42,54.41,0.04,1645,8948226,买盘
13:14:45,54.41,0.0,406,2209356,买盘
13:14:48,54.4,-0.01,200,1088238,卖盘
13:14:51,54.45,0.05,76,413775,买盘
13:14:54,54.41,-0.04,770,4192565,卖盘
13:14:57,54.46,0.05,152,827780,买盘
13:15:00,54.46,0.0,229,1247325,买盘
13:15:04,54.48,0.02,127,691701,买盘
13:15:06,54.46,-0.02,41,223272,中性盘
13:15:10,54.45,-0.01,24,130699,卖盘
13:15:13,54.47,0.02,100,544653,买盘
13:15:15,54.45,-0.02,50,272341,卖盘
13:15:19,54.46,0.01,29,157938,买盘
13:15:21,54.47,0.01,49,266889,买盘
13:15:25,54.48,0.01,92,501111,买盘
13:15:27,54.46,-0.02,93,506601,卖盘
13:15:31,54.46,0.0,85,463030,卖盘
13:15:33,54.47,0.01,68,370349,买盘
13:15:37,54.46,-0.01,64,348588,卖盘
13:15:39,54.46,0.0,38,206932,卖盘
13:15:43,54.46,0.0,51,277733,买盘
13:15:45,54.46,0.0,127,691664,买盘
13:15:48,54.45,-0.01,83,452009,卖盘
13:15:51,54.44,-0.01,41,223211,卖盘
13:15:55,54.44,0.0,36,195984,买盘
13:15:58,54.42,-0.02,29,157849,卖盘
13:16:00,54.43,0.01,84,457257,买盘
13:16:05,54.42,-0.01,43,234093,卖盘
13:16:06,54.42,0.0,76,413689,卖盘
13:16:09,54.41,-0.01,63,342793,卖盘
13:16:12,54.41,0.0,51,277491,买盘
13:16:15,54.41,0.0,40,217608,买盘
13:16:18,54.42,0.01,40,217667,买盘
13:16:21,54.41,-0.01,60,326470,卖盘
13:16:25,54.42,0.01,84,457107,买盘
13:16:28,54.42,0.0,17,92498,买盘
13:16:31,54.41,-0.01,61,331972,卖盘
13:16:33,54.42,0.01,31,168677,买盘
13:16:36,54.42,0.0,16,87088,买盘
13:16:39,54.42,0.0,66,359229,卖盘
13:16:42,54.42,0.0,37,201400,卖盘
13:16:45,54.44,0.02,46,250453,买盘
13:16:48,54.45,0.01,23,125230,买盘
13:16:51,54.43,-0.02,45,244960,卖盘
13:16:55,54.43,0.0,48,261343,买盘
13:16:57,54.45,0.02,15,81657,买盘
13:17:01,54.43,-0.02,23,125223,卖盘
13:17:04,54.44,0.01,10,54441,买盘
13:17:07,54.44,0.0,2,10889,卖盘
13:17:10,54.45,0.01,14,76228,买盘
13:17:12,54.44,-0.01,67,364801,卖盘
13:17:16,54.46,0.02,57,310366,买盘
13:17:18,54.45,-0.01,17,92574,卖盘
13:17:22,54.46,0.01,21,114366,买盘
13:17:25,54.45,-0.01,91,495592,卖盘
13:17:28,54.46,0.01,251,1366874,中性盘
13:17:30,54.47,0.01,63,343161,买盘
13:17:33,54.46,-0.01,61,332282,卖盘
13:17:36,54.47,0.01,34,185217,卖盘
13:17:39,54.47,0.0,38,206420,买盘
13:17:42,54.47,0.0,60,326856,卖盘
13:17:45,54.48,0.01,326,1776411,买盘
13:17:48,54.49,0.01,82,446796,买盘
13:17:51,54.49,0.0,161,877258,买盘
13:17:54,54.46,-0.03,352,1917441,卖盘
13:17:57,54.49,0.03,142,773755,买盘
13:18:00,54.48,-0.01,32,173140,中性盘
13:18:04,54.49,0.01,65,354182,买盘
13:18:06,54.49,0.0,61,332381,买盘
13:18:10,54.49,0.0,10,54484,买盘
13:18:12,54.48,-0.01,39,212821,卖盘
13:18:16,54.48,0.0,91,495853,卖盘
13:18:18,54.49,0.01,10,55358,买盘
13:18:22,54.49,0.0,13,70826,买盘
13:18:24,54.49,0.0,5,27244,买盘
13:18:28,54.49,0.0,71,386859,买盘
13:18:30,54.49,0.0,134,730155,买盘
13:18:34,54.49,0.0,111,604290,买盘
13:18:36,54.5,0.01,48,261586,买盘
13:18:40,54.49,-0.01,18,98082,卖盘
13:18:43,54.5,0.01,90,490463,买盘
13:18:46,54.49,-0.01,62,337868,卖盘
13:18:48,54.5,0.01,34,185287,买盘
13:18:52,54.49,-0.01,31,168925,卖盘
13:18:54,54.5,0.01,95,517739,买盘
13:18:58,54.49,-0.01,60,326978,卖盘
13:19:01,54.49,0.0,21,114985,卖盘
13:19:04,54.5,0.01,106,577634,买盘
13:19:07,54.49,-0.01,57,310616,买盘
13:19:10,54.48,-0.01,44,239745,卖盘
13:19:12,54.49,0.01,19,103534,中性盘
13:19:16,54.49,0.0,25,136229,买盘
13:19:19,54.48,-0.01,757,4125614,卖盘
13:19:21,54.49,0.01,92,501344,买盘
13:19:24,54.48,-0.01,11,59928,卖盘
13:19:27,54.49,0.01,9,49040,买盘
13:19:30,54.49,0.0,24,130764,买盘
13:19:33,54.49,0.0,8,43591,买盘
13:19:37,54.48,-0.01,87,474010,卖盘
13:19:40,54.48,0.0,94,512147,卖盘
13:19:43,54.48,0.0,48,261488,卖盘
13:19:46,54.48,0.0,45,245160,买盘
13:19:49,54.48,0.0,23,125299,买盘
13:19:51,54.48,0.0,27,147086,买盘
13:19:54,54.48,0.0,18,98061,买盘
13:19:57,54.48,0.0,17,92615,买盘
13:20:00,54.48,0.0,5,27238,买盘
13:20:04,54.48,0.0,56,305078,买盘
13:20:07,54.47,-0.01,36,196113,卖盘
13:20:10,54.48,0.01,610,3323658,买盘
13:20:12,54.48,0.0,134,730067,买盘
13:20:15,54.48,0.0,25,136203,卖盘
13:20:18,54.48,0.0,50,272414,卖盘
13:20:21,54.48,0.0,1,5448,买盘
13:20:24,54.48,0.0,170,926296,买盘
13:20:27,54.5,0.02,27,147116,买盘
13:20:31,54.48,-0.02,261,1422383,卖盘
13:20:33,54.49,0.01,50,272454,买盘
13:20:37,54.49,0.0,51,277901,买盘
13:20:39,54.49,0.0,78,424954,买盘
13:20:43,54.49,0.0,69,375959,买盘
13:20:45,54.48,-0.01,83,452254,卖盘
13:20:48,54.49,0.01,74,403175,买盘
13:20:51,54.49,0.0,228,1242557,买盘
13:20:54,54.5,0.01,914,4981292,买盘
13:20:57,54.49,-0.01,190,1035439,卖盘
13:21:01,54.49,0.0,35,190739,卖盘
13:21:05,54.49,0.0,6,32691,买盘
13:21:07,54.49,0.0,94,512187,买盘
13:21:09,54.48,-0.01,36,196163,卖盘
13:21:12,54.49,0.01,89,484908,买盘
13:21:15,54.49,0.0,125,681010,买盘
13:21:19,54.48,-0.01,56,305100,卖盘
13:21:21,54.49,0.01,56,305127,买盘
13:21:24,54.49,0.0,82,446810,买盘
13:21:28,54.49,0.0,101,550347,买盘
13:21:31,54.49,0.0,66,359634,卖盘
13:21:34,54.48,-0.01,96,523404,卖盘
13:21:37,54.48,0.0,101,550428,卖盘
13:21:39,54.48,0.0,92,500954,卖盘
13:21:43,54.48,0.0,27,147377,买盘
13:21:45,54.48,0.0,16,86904,卖盘
13:21:48,54.49,0.01,42,229113,买盘
13:21:52,54.48,-0.01,39,212501,卖盘
13:21:54,54.48,0.0,192,1046373,卖盘
13:21:58,54.48,0.0,38,207031,卖盘
13:22:01,54.48,0.0,108,588138,卖盘
13:22:04,54.48,0.0,36,196127,买盘
13:22:07,54.48,0.0,72,389391,买盘
13:22:09,54.49,0.01,152,828231,买盘
13:22:13,54.49,0.0,63,343287,卖盘
13:22:16,54.49,0.0,47,256103,卖盘
13:22:19,54.49,0.0,50,272450,卖盘
13:22:22,54.49,0.0,48,261555,卖盘
13:22:24,54.5,0.01,101,550438,买盘
13:22:27,54.49,-0.01,52,283354,卖盘
13:22:31,54.49,0.0,20,108984,卖盘
13:22:33,54.49,0.0,79,430489,卖盘
13:22:36,54.5,0.01,20,108999,买盘
13:22:39,54.5,0.0,17,92643,买盘
13:22:42,54.49,-0.01,20,108982,卖盘
13:22:45,54.49,0.0,30,163479,卖盘
13:22:49,54.5,0.01,36,196195,买盘
13:22:51,54.49,-0.01,522,2844883,卖盘
13:22:55,54.49,0.0,39,212511,买盘
13:22:57,54.49,0.0,13,70837,买盘
13:23:00,54.49,0.0,37,201614,买盘
13:23:04,54.5,0.01,20,108990,买盘
13:23:07,54.49,-0.01,25,136221,卖盘
13:23:10,54.48,-0.01,1337,7286610,卖盘
13:23:13,54.49,0.01,34,185257,买盘
13:23:16,54.5,0.01,83,454529,买盘
13:23:19,54.5,0.0,48,261600,卖盘
13:23:21,54.49,-0.01,31,166768,卖盘
13:23:25,54.5,0.01,27,147152,买盘
13:23:27,54.5,0.0,6,32700,买盘
13:23:30,54.5,0.0,119,648598,买盘
13:23:34,54.5,0.0,51,277938,买盘
13:23:37,54.5,0.0,62,337855,买盘
13:23:40,54.48,-0.02,165,898980,卖盘
13:23:42,54.49,0.01,61,332380,中性盘
13:23:46,54.48,-0.01,26,141666,卖盘
13:23:48,54.51,0.03,71,386891,买盘
13:23:52,54.5,-0.01,12,65400,卖盘
13:23:54,54.5,0.0,7,38150,卖盘
13:23:57,54.5,0.0,67,365151,卖盘
13:24:00,54.49,-0.01,7,38144,卖盘
13:24:04,54.5,0.01,108,588526,买盘
13:24:06,54.49,-0.01,24,130790,卖盘
13:24:09,54.48,-0.01,33,179792,卖盘
13:24:13,54.5,0.02,106,577669,买盘
13:24:16,54.47,-0.03,88,479428,卖盘
13:24:18,54.49,0.02,63,343302,买盘
13:24:22,54.49,0.0,87,474145,卖盘
13:24:25,54.49,0.0,17,92633,卖盘
13:24:28,54.5,0.01,39,212549,买盘
13:24:31,54.48,-0.02,67,365110,卖盘
13:24:34,54.49,0.01,13,70837,买盘
13:24:36,54.48,-0.01,225,1226202,卖盘
13:24:39,54.49,0.01,110,599585,中性盘
13:24:42,54.48,-0.01,25,136220,卖盘
13:24:46,54.49,0.01,14,76293,买盘
13:24:48,54.5,0.01,229,1247370,买盘
13:24:52,54.5,0.0,104,566800,卖盘
13:24:54,54.5,0.0,57,310978,卖盘
13:24:57,54.5,0.0,51,277950,卖盘
13:25:01,54.51,0.01,99,539596,买盘
13:25:04,54.5,-0.01,108,588603,卖盘
13:25:07,54.5,0.0,8,43600,卖盘
13:25:10,54.5,0.0,41,223460,卖盘
13:25:13,54.5,0.0,151,823091,卖盘
13:25:15,54.51,0.01,81,441478,买盘
13:25:18,54.5,-0.01,36,196203,卖盘
13:25:21,54.5,0.0,34,185310,卖盘
13:25:25,54.5,0.0,222,1209911,卖盘
13:25:27,54.5,0.0,145,790359,卖盘
13:25:31,54.5,0.0,99,539584,卖盘
13:25:33,54.51,0.01,67,367375,买盘
13:25:36,54.5,-0.01,39,212566,卖盘
13:25:40,54.5,0.0,50,272529,卖盘
13:25:43,54.51,0.01,18,98111,买盘
13:25:45,54.5,-0.01,79,430574,卖盘
13:25:49,54.5,0.0,83,452390,卖盘
13:25:52,54.5,0.0,47,256150,卖盘
13:25:55,54.51,0.01,22,119912,买盘
13:25:57,54.51,0.0,150,817587,买盘
13:26:00,54.51,0.0,17,92651,买盘
13:26:04,54.51,0.0,79,430589,买盘
13:26:07,54.51,0.0,197,1073958,买盘
13:26:10,54.51,0.0,48,261666,卖盘
13:26:13,54.52,0.01,40,218075,买盘
13:26:16,54.51,-0.01,54,294379,卖盘
13:26:18,54.51,0.0,18,98122,买盘
13:26:21,54.51,0.0,17,92673,卖盘
13:26:24,54.51,0.0,18,98124,卖盘
13:26:27,54.51,0.0,105,572430,卖盘
13:26:30,54.52,0.01,156,850487,买盘
13:26:33,54.53,0.01,101,550692,买盘
13:26:36,54.53,0.0,6,32715,买盘
13:26:39,54.53,0.0,86,468899,买盘
13:26:43,54.54,0.01,132,719799,买盘
13:26:46,54.53,-0.01,26,141793,买盘
13:26:48,54.54,0.01,27,147235,买盘
13:26:51,54.53,-0.01,5,27269,中性盘
13:26:55,54.53,0.0,18,98143,买盘
13:26:57,54.53,0.0,68,370806,买盘
13:27:00,54.53,0.0,45,245387,买盘
13:27:04,54.54,0.01,35,190886,买盘
13:27:07,54.54,0.0,101,550849,买盘
13:27:09,54.54,0.0,107,583575,买盘
13:27:12,54.54,0.0,120,654479,买盘
13:27:16,54.55,0.01,103,561803,买盘
13:27:19,54.55,0.0,73,398201,买盘
13:27:22,54.54,-0.01,275,1500121,卖盘
13:27:24,54.55,0.01,71,387289,买盘
13:27:28,54.55,0.0,20,109089,买盘
13:27:30,54.55,0.0,352,1920125,买盘
13:27:34,54.55,0.0,49,267292,买盘
13:27:36,54.55,0.0,42,229112,买盘
13:27:40,54.55,0.0,17,92735,卖盘
13:27:43,54.56,0.01,80,436465,买盘
13:27:45,54.56,0.0,9,49098,买盘
13:27:49,54.56,0.0,87,474667,买盘
13:27:51,54.57,0.01,165,900374,买盘
13:27:55,54.58,0.01,3,16372,买盘
13:27:58,54.57,-0.01,68,371077,卖盘
13:28:01,54.57,0.0,97,529299,买盘
13:28:04,54.57,0.0,63,343786,买盘
13:28:06,54.57,0.0,236,1287912,买盘
13:28:09,54.57,0.0,123,671168,卖盘
13:28:13,54.58,0.01,60,327783,买盘
13:28:15,54.6,0.02,1765,9635694,买盘
13:28:19,54.61,0.01,84,458716,买盘
13:28:21,54.63,0.02,96,524388,买盘
13:28:25,54.63,0.0,55,300424,买盘
13:28:27,54.62,-0.01,24,131084,中性盘
13:28:30,54.63,0.01,33,180284,卖盘
13:28:33,54.63,0.0,31,169378,卖盘
13:28:37,54.64,0.01,370,2021778,买盘
13:28:39,54.64,0.0,21,114760,卖盘
13:28:42,54.65,0.01,46,251372,买盘
13:28:46,54.65,0.0,92,502774,买盘
13:28:48,54.71,0.06,1293,7069468,买盘
13:28:51,54.71,0.0,86,470530,卖盘
13:28:54,54.73,0.02,30,164176,买盘
13:28:57,54.73,0.0,40,218908,卖盘
13:29:01,54.73,0.0,52,284607,卖盘
13:29:04,54.74,0.01,236,1291667,买盘
13:29:07,54.75,0.01,158,864974,买盘
13:29:09,54.76,0.01,38,208051,买盘
13:29:13,54.75,-0.01,94,514657,卖盘
13:29:16,54.79,0.04,458,2508651,买盘
13:29:18,54.79,0.0,126,690327,买盘
13:29:21,54.76,-0.03,86,471096,卖盘
13:29:24,54.79,0.03,58,317785,买盘
13:29:27,54.77,-0.02,133,728650,卖盘
13:29:31,54.77,0.0,58,317660,卖盘
13:29:34,54.78,0.01,161,881978,买盘
13:29:36,54.79,0.01,990,5424781,买盘
13:29:39,54.79,0.0,56,306821,卖盘
13:29:42,54.79,0.0,55,301347,卖盘
13:29:46,54.8,0.01,238,1304047,买盘
13:29:49,54.79,-0.01,58,317794,中性盘
13:29:52,54.79,0.0,100,547864,买盘
13:29:55,54.8,0.01,65,356181,买盘
13:29:57,54.79,-0.01,109,597276,卖盘
13:30:01,54.79,0.0,34,186304,卖盘
13:30:04,54.79,0.0,130,712380,卖盘
13:30:07,54.79,0.0,90,493135,卖盘
13:30:09,54.79,0.0,71,389025,卖盘
13:30:13,54.79,0.0,127,695841,卖盘
13:30:15,54.79,0.0,126,690359,卖盘
13:30:19,54.78,-0.01,224,1227144,卖盘
13:30:21,54.76,-0.02,111,608053,卖盘
13:30:25,54.76,0.0,18,98580,卖盘
13:30:27,54.76,0.0,72,394310,卖盘
13:30:30,54.74,-0.02,308,1686423,卖盘
13:30:34,54.75,0.01,39,213528,买盘
13:30:36,54.76,0.01,1081,5914689,买盘
13:30:39,54.71,-0.05,119,651105,卖盘
13:30:42,54.71,0.0,1031,5638012,卖盘
13:30:45,54.71,0.0,134,733359,卖盘
13:30:48,54.71,0.0,75,412913,买盘
13:30:51,54.7,-0.01,14,76591,中性盘
13:30:54,54.7,0.0,21,114870,买盘
13:30:57,54.67,-0.03,37,202358,卖盘
13:31:00,54.67,0.0,19,103875,卖盘
13:31:04,54.66,-0.01,55,300694,卖盘
13:31:07,54.67,0.01,155,847466,买盘
13:31:10,54.66,-0.01,96,524921,卖盘
13:31:12,54.65,-0.01,48,262411,卖盘
13:31:15,54.65,0.0,50,273259,卖盘
13:31:18,54.64,-0.01,93,508240,卖盘
13:31:22,54.64,0.0,51,278683,卖盘
13:31:25,54.64,0.0,32,174873,卖盘
13:31:27,54.63,-0.01,29,158425,买盘
13:31:31,54.62,-0.01,58,316879,卖盘
13:31:34,54.62,0.0,64,349524,卖盘
13:31:36,54.62,0.0,16,87387,买盘
13:31:39,54.61,-0.01,8,43695,卖盘
13:31:42,54.61,0.0,25,136525,卖盘
13:31:46,54.61,0.0,48,262128,买盘
13:31:49,54.61,0.0,85,464248,买盘
13:31:51,54.6,-0.01,149,813598,卖盘
13:31:54,54.61,0.01,15,81902,中性盘
13:31:57,54.61,0.0,103,562423,买盘
13:32:00,54.61,0.0,54,294896,卖盘
13:32:04,54.62,0.01,64,349569,买盘
13:32:06,54.62,0.0,31,169371,卖盘
13:32:09,54.63,0.01,59,322393,卖盘
13:32:12,54.63,0.0,9,49162,中性盘
13:32:15,54.63,0.0,24,131097,买盘
13:32:19,54.68,0.05,101,551993,买盘
13:32:22,54.64,-0.04,11,60106,卖盘
13:32:24,54.65,0.01,1,5465,买盘
13:32:28,54.67,0.02,29,158525,买盘
13:32:30,54.64,-0.03,49,267775,卖盘
13:32:33,54.67,0.03,28,153052,买盘
13:32:36,54.68,0.01,59,322881,买盘
13:32:39,54.69,0.01,20,109367,买盘
13:32:42,54.69,0.0,30,164069,买盘
13:32:46,54.7,0.01,140,765784,买盘
13:32:49,54.71,0.01,23,125812,买盘
13:32:52,54.71,0.0,646,3531172,买盘
13:32:54,54.72,0.01,6,32829,买盘
13:32:57,54.72,0.0,22,120377,买盘
13:33:00,54.72,0.0,55,300969,中性盘
13:33:05,54.75,0.03,276,1510936,买盘
13:33:07,54.75,0.0,100,547500,卖盘
13:33:09,54.76,0.01,13,71181,买盘
13:33:12,54.76,0.0,21,114986,买盘
13:33:16,54.74,-0.02,232,1270197,卖盘
13:33:19,54.77,0.03,199,1089624,买盘
13:33:21,54.75,-0.02,64,350456,卖盘
