time,price,change,volume,amount,type
09:25:05,54.5,-0.36,2577,14048410,卖盘
09:30:00,54.54,0.04,59,321758,买盘
09:30:04,54.5,-0.04,913,4979101,卖盘
09:30:07,54.54,0.04,477,2601427,卖盘
09:30:10,54.59,0.05,140,764183,中性盘
09:30:13,54.63,0.04,785,4280136,中性盘
09:30:16,54.59,-0.04,169,921414,中性盘
09:30:19,54.54,-0.05,83,452740,卖盘
09:30:22,54.6,0.06,180,982488,买盘
09:30:25,54.6,0.0,262,1428877,卖盘
09:30:27,54.55,-0.05,29,158292,中性盘
09:30:30,54.6,0.05,125,681504,买盘
09:30:33,54.56,-0.04,246,1341882,中性盘
09:30:37,54.49,-0.07,282,1538399,卖盘
09:30:40,54.5,0.01,50,272713,买盘
09:30:42,54.55,0.05,97,528731,买盘
09:30:46,54.5,-0.05,92,501635,中性盘
09:30:48,54.48,-0.02,89,480798,卖盘
09:30:51,54.52,0.04,59,324444,卖盘
09:30:54,54.49,-0.03,64,345760,卖盘
09:30:58,54.49,0.0,43,237286,买盘
09:31:01,54.48,-0.01,57,310604,卖盘
09:31:04,54.5,0.02,92,502207,买盘
09:31:07,54.49,-0.01,36,196162,卖盘
09:31:10,54.5,0.01,60,326955,买盘
09:31:12,54.51,0.01,99,539504,买盘
09:31:15,54.49,-0.02,124,675705,卖盘
09:31:18,54.49,0.0,187,1014921,买盘
09:31:22,54.46,-0.03,86,468564,卖盘
09:31:24,54.46,0.0,68,370482,卖盘
09:31:28,54.46,0.0,162,882594,卖盘
09:31:30,54.45,-0.01,152,827681,卖盘
09:31:33,54.45,0.0,43,234130,买盘
09:31:36,54.44,-0.01,69,375620,卖盘
09:31:40,54.41,-0.03,59,321057,卖盘
09:31:42,54.39,-0.02,363,1974754,卖盘
09:31:46,54.4,0.01,66,359011,买盘
09:31:48,54.44,0.04,313,1703524,买盘
09:31:51,54.4,-0.04,70,380774,中性盘
09:31:54,54.42,0.02,207,1126546,中性盘
09:31:57,54.4,-0.02,83,451732,卖盘
09:32:00,54.41,0.01,91,495176,中性盘
09:32:04,54.43,0.02,46,250374,买盘
09:32:07,54.42,-0.01,63,342827,卖盘
09:32:09,54.41,-0.01,250,1360443,卖盘
09:32:12,54.41,0.0,239,1300327,买盘
09:32:15,54.43,0.02,209,1137168,买盘
09:32:19,54.43,0.0,117,636770,卖盘
09:32:21,54.43,0.0,28,152413,卖盘
09:32:25,54.43,0.0,123,669595,卖盘
09:32:27,54.42,-0.01,151,821829,卖盘
09:32:31,54.43,0.01,60,326583,卖盘
09:32:33,54.45,0.02,98,533505,买盘
09:32:37,54.42,-0.03,136,741642,卖盘
09:32:39,54.45,0.03,45,247802,买盘
09:32:42,54.45,0.0,94,511814,卖盘
09:32:46,54.45,0.0,122,664221,卖盘
09:32:49,54.46,0.01,146,794999,买盘
09:32:51,54.47,0.01,21,114394,中性盘
09:32:55,54.44,-0.03,105,571836,卖盘
09:32:57,54.48,0.04,56,305106,中性盘
09:33:01,54.46,-0.02,60,326771,卖盘
09:33:05,54.46,0.0,50,272288,买盘
09:33:07,54.46,0.0,52,283200,卖盘
09:33:09,54.47,0.01,92,501079,买盘
09:33:13,54.47,0.0,200,1089383,买盘
09:33:15,54.47,0.0,187,1018393,卖盘
09:33:19,54.47,0.0,566,3079284,卖盘
09:33:21,54.48,0.01,253,1380549,买盘
09:33:24,54.47,-0.01,133,724121,中性盘
09:33:27,54.44,-0.03,96,522764,卖盘
09:33:30,54.46,0.02,177,963743,买盘
09:33:34,54.45,-0.01,89,484668,卖盘
09:33:37,54.45,0.0,203,1105436,卖盘
09:33:40,54.45,0.0,37,201472,卖盘
09:33:42,54.45,0.0,171,931030,卖盘
09:33:46,54.44,-0.01,93,506364,卖盘
09:33:49,54.45,0.01,205,1113248,买盘
09:33:52,54.42,-0.03,237,1288548,卖盘
09:33:54,54.46,0.04,365,1991108,买盘
09:33:57,54.46,0.0,444,2418029,卖盘
09:34:01,54.46,0.0,52,283199,卖盘
09:34:05,54.46,0.0,527,2868521,卖盘
09:34:07,54.46,0.0,30,163376,买盘
09:34:10,54.45,-0.01,46,250482,卖盘
09:34:12,54.44,-0.01,125,680654,卖盘
09:34:15,54.44,0.0,236,1285176,卖盘
09:34:18,54.44,0.0,61,332034,买盘
09:34:22,54.44,0.0,82,446361,买盘
09:34:25,54.44,0.0,154,838305,买盘
09:34:28,54.42,-0.02,519,2820350,卖盘
09:34:31,54.41,-0.01,172,935994,卖盘
09:34:33,54.42,0.01,766,4167334,买盘
09:34:37,54.41,-0.01,115,625545,中性盘
09:34:39,54.38,-0.03,70,380697,卖盘
09:34:43,54.37,-0.01,47,255574,卖盘
09:34:45,54.39,0.02,34,184863,买盘
09:34:48,54.38,-0.01,79,429601,卖盘
09:34:51,54.37,-0.01,42,229758,卖盘
09:34:54,54.38,0.01,156,848093,买盘
09:34:57,54.36,-0.02,188,1021879,中性盘
09:35:00,54.37,0.01,70,380544,中性盘
09:35:04,54.4,0.03,479,2605634,买盘
09:35:07,54.42,0.02,434,2361388,买盘
09:35:10,54.42,0.0,138,751176,卖盘
09:35:13,54.43,0.01,114,620199,中性盘
09:35:15,54.45,0.02,68,370142,买盘
09:35:18,54.44,-0.01,3,16332,卖盘
09:35:22,54.45,0.01,125,680571,买盘
09:35:25,54.4,-0.05,410,2231211,卖盘
09:35:28,54.4,0.0,92,500751,买盘
09:35:31,54.4,0.0,394,2143992,买盘
09:35:33,54.4,0.0,40,217693,卖盘
09:35:36,54.39,-0.01,301,1637346,卖盘
09:35:40,54.42,0.03,44,239522,中性盘
09:35:43,54.43,0.01,770,4189057,中性盘
09:35:45,54.43,0.0,44,239525,卖盘
09:35:48,54.44,0.01,41,223189,买盘
09:35:51,54.44,0.0,81,440891,买盘
09:35:54,54.45,0.01,66,362518,买盘
09:35:57,54.44,-0.01,166,903893,卖盘
09:36:01,54.44,0.0,32,174235,卖盘
09:36:05,54.45,0.01,53,288584,中性盘
09:36:07,54.46,0.01,75,408396,买盘
09:36:10,54.45,-0.01,270,1470123,卖盘
09:36:12,54.47,0.02,187,1018218,买盘
09:36:16,54.44,-0.03,117,637133,卖盘
09:36:19,54.42,-0.02,164,892826,卖盘
09:36:21,54.46,0.04,79,430082,买盘
09:36:25,54.45,-0.01,58,315822,卖盘
09:36:27,54.46,0.01,122,664345,买盘
09:36:31,54.44,-0.02,82,446476,卖盘
09:36:34,54.45,0.01,111,604378,买盘
09:36:37,54.45,0.0,111,604392,买盘
09:36:39,54.45,0.0,156,849232,买盘
09:36:43,54.43,-0.02,229,1246756,卖盘
09:36:45,54.46,0.03,231,1254912,买盘
09:36:49,54.42,-0.04,183,998674,卖盘
09:36:51,54.42,0.0,167,908703,卖盘
09:36:54,54.43,0.01,101,549631,买盘
09:36:57,54.43,0.0,101,549634,买盘
09:37:00,54.43,0.0,88,478922,买盘
09:37:05,54.43,0.0,44,239461,买盘
09:37:06,54.44,0.01,84,454594,买盘
09:37:10,54.43,-0.01,113,615032,卖盘
09:37:13,54.43,0.0,52,283044,卖盘
09:37:16,54.44,0.01,108,587902,买盘
09:37:18,54.44,0.0,55,299461,中性盘
09:37:22,54.45,0.01,36,196020,买盘
09:37:24,54.44,-0.01,113,615279,卖盘
09:37:28,54.44,0.0,12,65332,卖盘
09:37:30,54.45,0.01,49,266787,买盘
09:37:33,54.45,0.0,89,484551,买盘
09:37:36,54.45,0.0,74,402886,买盘
09:37:39,54.45,0.0,252,1372279,买盘
09:37:42,54.45,0.0,74,402930,卖盘
09:37:46,54.46,0.01,237,1290483,买盘
09:37:48,54.46,0.0,408,2221482,买盘
09:37:52,54.45,-0.01,85,462871,卖盘
09:37:54,54.46,0.01,82,446546,买盘
09:37:58,54.46,0.0,55,299532,买盘
09:38:00,54.47,0.01,109,593585,买盘
09:38:04,54.46,-0.01,39,212383,卖盘
09:38:07,54.46,0.0,38,206970,卖盘
09:38:10,54.46,0.0,52,283196,卖盘
09:38:13,54.46,0.0,53,288611,买盘
09:38:15,54.46,0.0,48,261425,买盘
09:38:18,54.47,0.01,55,299544,买盘
09:38:22,54.46,-0.01,17,92595,卖盘
09:38:25,54.47,0.01,11,59917,买盘
09:38:28,54.47,0.0,201,1097780,卖盘
09:38:30,54.49,0.02,54,294230,买盘
09:38:34,54.48,-0.01,43,234250,买盘
09:38:36,54.49,0.01,125,681143,买盘
09:38:39,54.49,0.0,45,245198,买盘
09:38:43,54.49,0.0,115,625219,卖盘
09:38:45,54.51,0.02,64,348874,买盘
09:38:49,54.53,0.02,42,229033,买盘
09:38:51,54.5,-0.03,12,65408,卖盘
09:38:54,54.54,0.04,30,163604,买盘
09:38:58,54.55,0.01,31,169092,买盘
09:39:00,54.55,0.0,105,570267,买盘
09:39:04,54.55,0.0,42,229251,卖盘
09:39:07,54.56,0.01,7,38200,买盘
09:39:10,54.56,0.0,29,158260,卖盘
09:39:12,54.6,0.04,310,1692532,买盘
09:39:16,54.6,0.0,304,1659840,卖盘
09:39:19,54.65,0.05,364,1989099,买盘
09:39:21,54.66,0.01,27,147574,买盘
09:39:25,54.66,0.0,189,1032951,中性盘
09:39:27,54.68,0.02,87,475589,买盘
09:39:31,54.68,0.0,30,164856,买盘
09:39:33,54.69,0.01,52,287027,买盘
09:39:37,54.69,0.0,61,333563,买盘
09:39:39,54.69,0.0,54,295326,卖盘
09:39:43,54.7,0.01,48,262534,买盘
09:39:45,54.7,0.0,29,158633,卖盘
09:39:49,54.71,0.01,25,136772,买盘
09:39:51,54.72,0.01,104,568907,买盘
09:39:55,54.73,0.01,36,196999,买盘
09:39:57,54.75,0.02,35,191597,买盘
09:40:00,54.74,-0.01,63,344899,买盘
09:40:04,54.75,0.01,298,1630424,买盘
09:40:07,54.76,0.01,111,607644,买盘
09:40:10,54.77,0.01,77,421620,买盘
09:40:12,54.79,0.02,43,235591,中性盘
09:40:15,54.76,-0.03,110,602485,卖盘
09:40:18,54.77,0.01,182,997164,买盘
09:40:22,54.77,0.0,66,361475,卖盘
09:40:24,54.75,-0.02,92,503771,卖盘
09:40:27,54.76,0.01,51,279307,中性盘
09:40:30,54.75,-0.01,109,596842,卖盘
09:40:34,54.75,0.0,622,3406315,卖盘
09:40:37,54.75,0.0,216,1182490,卖盘
09:40:39,54.75,0.0,25,136863,买盘
09:40:43,54.75,0.0,71,388668,买盘
09:40:46,54.76,0.01,80,438003,买盘
09:40:49,54.72,-0.04,83,454253,卖盘
09:40:52,54.73,0.01,141,771508,买盘
09:40:55,54.8,0.07,623,3411451,买盘
09:40:58,54.8,0.0,155,849400,卖盘
09:41:00,54.81,0.01,246,1348100,买盘
09:41:04,54.8,-0.01,94,515128,卖盘
09:41:07,54.8,0.0,50,273776,买盘
09:41:10,54.75,-0.05,28,153375,卖盘
09:41:12,54.75,0.0,32,176175,卖盘
09:41:16,54.75,0.0,210,1149991,卖盘
09:41:18,54.75,0.0,107,585966,卖盘
09:41:21,54.75,0.0,122,667964,卖盘
09:41:24,54.76,0.01,38,208086,买盘
09:41:28,54.75,-0.01,44,240948,卖盘
09:41:31,54.76,0.01,42,230007,买盘
09:41:33,54.75,-0.01,38,208044,卖盘
09:41:36,54.76,0.01,112,613212,买盘
09:41:40,54.75,-0.01,55,301183,卖盘
09:41:42,54.72,-0.03,24,131389,卖盘
09:41:46,54.72,0.0,304,1664823,卖盘
09:41:48,54.75,0.03,9,49267,买盘
09:41:51,54.73,-0.02,7,38308,中性盘
09:41:54,54.75,0.02,26,142310,买盘
09:41:58,54.74,-0.01,49,268209,买盘
09:42:01,54.73,-0.01,26,142321,卖盘
09:42:04,54.72,-0.01,31,168782,卖盘
09:42:06,54.72,0.0,39,213400,买盘
09:42:09,54.74,0.02,17,93044,买盘
09:42:13,54.74,0.0,40,219721,买盘
09:42:15,54.7,-0.04,197,1076879,卖盘
09:42:18,54.72,0.02,19,103951,买盘
09:42:21,54.69,-0.03,19,103914,卖盘
09:42:24,54.7,0.01,15,82050,买盘
09:42:28,54.69,-0.01,7,38288,卖盘
09:42:30,54.7,0.01,50,273461,买盘
09:42:33,54.68,-0.02,10,54680,卖盘
09:42:37,54.67,-0.01,22,120898,卖盘
09:42:40,54.69,0.02,18,98420,买盘
09:42:43,54.67,-0.02,3,16399,中性盘
09:42:45,54.66,-0.01,61,331999,卖盘
09:42:49,54.65,-0.01,10,54666,卖盘
09:42:52,54.63,-0.02,39,213112,卖盘
09:42:55,54.61,-0.02,21,114691,卖盘
09:42:57,54.63,0.02,59,322257,买盘
09:43:00,54.61,-0.02,34,185662,中性盘
09:43:04,54.61,0.0,238,1300461,买盘
09:43:07,54.61,0.0,157,857673,卖盘
09:43:10,54.6,-0.01,68,371417,卖盘
09:43:13,54.58,-0.02,95,518673,卖盘
09:43:16,54.56,-0.02,42,229195,卖盘
09:43:19,54.58,0.02,55,300272,买盘
09:43:21,54.57,-0.01,39,212860,卖盘
09:43:25,54.57,0.0,11,60027,买盘
09:43:28,54.55,-0.02,106,578305,卖盘
09:43:31,54.55,0.0,16,87278,买盘
09:43:34,54.51,-0.04,86,468918,卖盘
09:43:37,54.51,0.0,69,376126,卖盘
09:43:39,54.54,0.03,155,844879,买盘
09:43:42,54.51,-0.03,34,185332,中性盘
09:43:46,54.51,0.0,132,719515,买盘
09:43:48,54.55,0.04,18,98126,买盘
09:43:52,54.51,-0.04,11,59977,卖盘
09:43:54,54.53,0.02,12,65432,中性盘
09:43:57,54.55,0.02,33,179929,买盘
09:44:00,54.54,-0.01,49,267126,中性盘
09:44:04,54.6,0.06,229,1249345,买盘
09:44:07,54.6,0.0,15,81900,卖盘
09:44:09,54.6,0.0,51,278463,卖盘
09:44:13,54.6,0.0,38,207513,卖盘
09:44:15,54.61,0.01,91,496971,买盘
09:44:19,54.6,-0.01,94,513324,卖盘
09:44:22,54.61,0.01,65,354962,卖盘
09:44:25,54.6,-0.01,57,311274,卖盘
09:44:28,54.61,0.01,45,245722,买盘
09:44:31,54.61,0.0,27,147434,买盘
09:44:33,54.61,0.0,52,284448,买盘
09:44:36,54.61,0.0,25,136525,买盘
09:44:40,54.6,-0.01,51,278495,卖盘
09:44:43,54.61,0.01,76,414986,卖盘
09:44:46,54.61,0.0,67,365892,买盘
09:44:49,54.61,0.0,58,316727,买盘
09:44:51,54.6,-0.01,11,60068,卖盘
09:44:55,54.61,0.01,99,540565,买盘
09:44:58,54.61,0.0,73,398683,卖盘
09:45:01,54.61,0.0,112,611374,卖盘
09:45:04,54.62,0.01,45,245760,买盘
09:45:07,54.61,-0.01,98,535181,卖盘
09:45:10,54.61,0.0,42,228148,卖盘
09:45:13,54.61,0.0,36,196612,买盘
09:45:16,54.61,0.0,161,879111,买盘
09:45:19,54.6,-0.01,136,743262,卖盘
09:45:22,54.59,-0.01,61,333028,卖盘
09:45:25,54.56,-0.03,6,32736,卖盘
09:45:28,54.56,0.0,69,376433,买盘
09:45:30,54.6,0.04,85,463770,买盘
09:45:34,54.6,0.0,27,147341,买盘
09:45:37,54.56,-0.04,3,16368,卖盘
09:45:40,54.56,0.0,11,60016,卖盘
09:45:43,54.55,-0.01,17,92764,卖盘
09:45:45,54.56,0.01,125,682093,买盘
09:45:49,54.57,0.01,52,283715,中性盘
09:45:52,54.59,0.02,26,144041,买盘
09:45:54,54.55,-0.04,6,32740,卖盘
09:45:58,54.57,0.02,18,98218,买盘
09:46:00,54.54,-0.03,68,368781,卖盘
09:46:04,54.57,0.03,5,27285,买盘
09:46:07,54.55,-0.02,11,59989,中性盘
09:46:10,54.55,0.0,34,185454,买盘
09:46:12,54.54,-0.01,12,65444,中性盘
09:46:15,54.55,0.01,35,190914,买盘
09:46:19,54.54,-0.01,21,114546,卖盘
09:46:21,54.53,-0.01,13,71228,卖盘
09:46:24,54.54,0.01,11,59990,买盘
09:46:28,54.52,-0.02,11,59991,卖盘
09:46:31,54.53,0.01,5,27265,买盘
09:46:34,54.52,-0.01,21,114512,卖盘
09:46:36,54.52,0.0,50,272604,卖盘
09:46:39,54.52,0.0,50,273751,卖盘
09:46:43,54.52,0.0,87,472833,卖盘
09:46:46,54.51,-0.01,21,114476,卖盘
09:46:49,54.52,0.01,15,81780,买盘
09:46:52,54.51,-0.01,42,228949,卖盘
09:46:55,54.52,0.01,135,735914,买盘
09:46:57,54.51,-0.01,90,490625,卖盘
09:47:00,54.51,0.0,28,152635,买盘
09:47:04,54.51,0.0,14,76313,买盘
09:47:06,54.5,-0.01,121,659481,卖盘
09:47:09,54.51,0.01,78,425108,买盘
09:47:13,54.5,-0.01,50,272544,卖盘
09:47:16,54.5,0.0,53,290486,卖盘
09:47:19,54.51,0.01,28,152615,买盘
09:47:22,54.51,0.0,78,425121,买盘
09:47:24,54.51,0.0,7,38157,卖盘
09:47:27,54.5,-0.01,182,991916,卖盘
09:47:31,54.5,0.0,306,1666072,卖盘
09:47:34,54.49,-0.01,38,207088,卖盘
09:47:37,54.5,0.01,14,76290,买盘
09:47:40,54.49,-0.01,128,697482,卖盘
09:47:42,54.49,0.0,58,316160,卖盘
09:47:45,54.49,0.0,78,424996,卖盘
09:47:48,54.49,0.0,60,326951,买盘
09:47:51,54.49,0.0,72,392380,买盘
09:47:55,54.48,-0.01,33,179800,卖盘
09:47:57,54.49,0.01,37,201587,买盘
09:48:01,54.49,0.0,21,114422,买盘
09:48:04,54.49,0.0,32,174345,买盘
09:48:07,54.47,-0.02,56,306495,卖盘
09:48:09,54.45,-0.02,889,4841397,卖盘
09:48:13,54.48,0.03,145,789602,买盘
09:48:15,54.48,0.0,152,828161,买盘
09:48:19,54.45,-0.03,74,403115,卖盘
09:48:21,54.47,0.02,8,43576,买盘
09:48:25,54.46,-0.01,103,560919,中性盘
09:48:27,54.45,-0.01,71,386638,卖盘
09:48:31,54.46,0.01,85,462886,买盘
09:48:33,54.46,0.0,28,152492,卖盘
09:48:36,54.46,0.0,49,266859,卖盘
09:48:39,54.47,0.01,104,566402,中性盘
09:48:43,54.47,0.0,78,424849,买盘
09:48:45,54.48,0.01,149,811652,买盘
09:48:49,54.48,0.0,79,430317,买盘
09:48:51,54.45,-0.03,33,179712,卖盘
09:48:55,54.48,0.03,24,130742,买盘
09:48:57,54.49,0.01,33,179782,买盘
09:49:01,54.5,0.01,9,49046,买盘
09:49:04,54.49,-0.01,27,147123,卖盘
09:49:07,54.5,0.01,33,179838,买盘
09:49:10,54.49,-0.01,87,474770,卖盘
09:49:13,54.5,0.01,19,103554,卖盘
09:49:16,54.5,0.0,37,201659,卖盘
09:49:19,54.51,0.01,26,141726,买盘
09:49:22,54.53,0.02,72,392580,买盘
09:49:24,54.52,-0.01,30,163560,卖盘
09:49:28,54.53,0.01,39,212654,买盘
09:49:30,54.53,0.0,144,780982,买盘
09:49:34,54.53,0.0,58,316287,卖盘
09:49:36,54.5,-0.03,76,414429,卖盘
09:49:40,54.53,0.03,47,256263,中性盘
09:49:42,54.5,-0.03,72,392638,卖盘
09:49:45,54.53,0.03,59,321768,中性盘
09:49:48,54.5,-0.03,29,158121,卖盘
09:49:51,54.5,0.0,49,267054,卖盘
09:49:55,54.5,0.0,33,179912,卖盘
09:49:57,54.54,0.04,56,305269,中性盘
09:50:01,54.54,0.0,59,321696,买盘
09:50:04,54.5,-0.04,25,136287,卖盘
09:50:06,54.54,0.04,97,528660,买盘
09:50:09,54.5,-0.04,63,343444,卖盘
09:50:13,54.5,0.0,29,158059,卖盘
09:50:16,54.5,0.0,45,245296,卖盘
09:50:18,54.5,0.0,47,257851,卖盘
09:50:22,54.56,0.06,82,447204,买盘
09:50:24,54.5,-0.06,15,81782,卖盘
09:50:28,54.5,0.0,67,365150,卖盘
09:50:30,54.54,0.04,67,363589,买盘
09:50:33,54.54,0.0,7,38183,卖盘
09:50:36,54.54,0.0,27,147265,卖盘
09:50:39,54.55,0.01,1,5455,买盘
09:50:42,54.55,0.0,18,98183,买盘
09:50:45,54.55,0.0,32,174537,买盘
09:50:48,54.54,-0.01,13,70904,卖盘
09:50:52,54.55,0.01,25,136356,买盘
09:50:54,54.53,-0.02,18,98149,卖盘
09:50:58,54.51,-0.02,45,245412,卖盘
09:51:00,54.55,0.04,10,54538,买盘
09:51:04,54.55,0.0,227,1237356,买盘
09:51:06,54.51,-0.04,16,87223,卖盘
09:51:10,54.51,0.0,4,21804,买盘
09:51:12,54.5,-0.01,51,277970,卖盘
09:51:16,54.51,0.01,62,337916,买盘
09:51:18,54.53,0.02,5,27263,买盘
09:51:21,54.51,-0.02,6,32716,卖盘
09:51:25,54.51,0.0,14,76334,卖盘
09:51:27,54.52,0.01,42,228951,中性盘
09:51:30,54.52,0.0,45,245315,买盘
09:51:34,54.52,0.0,20,109039,买盘
09:51:36,54.52,0.0,44,239867,买盘
09:51:40,54.51,-0.01,25,136298,卖盘
09:51:42,54.51,0.0,43,234402,卖盘
09:51:46,54.52,0.01,93,507059,买盘
09:51:48,54.51,-0.01,47,256214,卖盘
09:51:52,54.54,0.03,11,59982,买盘
09:51:54,54.52,-0.02,17,92690,卖盘
09:51:58,54.55,0.03,29,158168,买盘
09:52:01,54.55,0.0,21,114533,买盘
09:52:04,54.55,0.0,53,290466,买盘
09:52:07,54.55,0.0,21,114546,卖盘
09:52:09,54.55,0.0,60,327300,买盘
09:52:12,54.55,0.0,1,5455,卖盘
09:52:16,54.55,0.0,61,332762,卖盘
09:52:19,54.55,0.0,14,76370,买盘
09:52:22,54.54,-0.01,70,381814,卖盘
09:52:25,54.55,0.01,50,272745,买盘
09:52:27,54.55,0.0,10,54549,买盘
09:52:31,54.54,-0.01,12,65455,卖盘
09:52:33,54.54,0.0,20,109075,买盘
09:52:37,54.53,-0.01,28,152704,卖盘
09:52:39,54.53,0.0,35,190863,卖盘
09:52:42,54.52,-0.01,43,234459,卖盘
09:52:45,54.52,0.0,30,163600,卖盘
09:52:48,54.54,0.02,25,136311,买盘
09:52:51,54.52,-0.02,37,200378,卖盘
09:52:54,54.52,0.0,288,1569844,卖盘
09:52:57,54.51,-0.01,65,354330,中性盘
09:53:00,54.51,0.0,11,59958,买盘
09:53:04,54.51,0.0,84,457912,买盘
09:53:07,54.51,0.0,38,207130,卖盘
09:53:10,54.51,0.0,140,763039,买盘
09:53:12,54.51,0.0,92,501462,买盘
09:53:16,54.5,-0.01,133,724900,卖盘
09:53:18,54.5,0.0,54,294306,卖盘
09:53:22,54.55,0.05,229,1250128,买盘
09:53:24,54.49,-0.06,226,1234894,卖盘
09:53:27,54.5,0.01,108,588562,买盘
09:53:30,54.5,0.0,113,615708,买盘
09:53:34,54.51,0.01,80,433407,买盘
09:53:36,54.5,-0.01,30,166126,卖盘
09:53:39,54.52,0.02,55,297185,卖盘
09:53:42,54.55,0.03,78,425389,买盘
09:53:45,54.55,0.0,72,392763,卖盘
09:53:48,54.55,0.0,71,387305,卖盘
09:53:51,54.55,0.0,238,1297625,卖盘
09:53:54,54.5,-0.05,43,234554,卖盘
09:53:57,54.52,0.02,49,267257,卖盘
09:54:01,54.56,0.04,31,169032,买盘
09:54:04,54.56,0.0,75,409106,买盘
09:54:07,54.56,0.0,61,332813,买盘
09:54:09,54.55,-0.01,60,327336,卖盘
09:54:12,54.52,-0.03,1,5452,卖盘
09:54:16,54.51,-0.01,163,889076,卖盘
09:54:18,54.55,0.04,15,81822,买盘
09:54:22,54.54,-0.01,14,76368,卖盘
09:54:24,54.54,0.0,54,294386,卖盘
09:54:28,54.52,-0.02,5,27262,中性盘
09:54:31,54.53,0.01,7,38165,买盘
09:54:33,54.52,-0.01,16,87231,买盘
09:54:36,54.52,0.0,109,594268,买盘
09:54:40,54.54,0.02,6,32720,买盘
09:54:42,54.52,-0.02,5,27261,卖盘
09:54:46,54.52,0.0,7,38171,卖盘
09:54:49,54.5,-0.02,589,3212905,卖盘
09:54:52,54.5,0.0,55,299750,买盘
09:54:55,54.5,0.0,18,98100,买盘
09:54:57,54.49,-0.01,111,604846,卖盘
09:55:00,54.46,-0.03,450,2450780,卖盘
09:55:04,54.48,0.02,82,446636,买盘
09:55:07,54.45,-0.03,39,212365,卖盘
09:55:10,54.49,0.04,197,1072875,买盘
09:55:13,54.46,-0.03,57,310398,卖盘
09:55:15,54.45,-0.01,45,245027,卖盘
09:55:18,54.46,0.01,103,560909,买盘
09:55:22,54.45,-0.01,82,446493,卖盘
09:55:24,54.45,0.0,78,424715,卖盘
09:55:27,54.44,-0.01,62,337589,卖盘
09:55:31,54.45,0.01,36,195991,买盘
09:55:34,54.45,0.0,75,408330,买盘
09:55:37,54.44,-0.01,240,1306871,卖盘
09:55:39,54.44,0.0,30,163320,卖盘
09:55:43,54.44,0.0,201,1094234,卖盘
09:55:45,54.44,0.0,36,195980,买盘
09:55:49,54.44,0.0,175,952632,买盘
09:55:51,54.44,0.0,70,381047,买盘
09:55:55,54.43,-0.01,79,430011,卖盘
09:55:57,54.43,0.0,38,206836,卖盘
09:56:00,54.44,0.01,95,517113,买盘
09:56:04,54.43,-0.01,153,832802,卖盘
09:56:06,54.43,0.0,39,212300,卖盘
09:56:10,54.43,0.0,3,16329,卖盘
09:56:12,54.43,0.0,240,1306321,卖盘
09:56:16,54.43,0.0,124,674929,买盘
09:56:19,54.43,0.0,44,239461,买盘
09:56:22,54.43,0.0,176,957879,买盘
09:56:24,54.4,-0.03,1354,7366614,卖盘
09:56:27,54.4,0.0,75,407999,买盘
09:56:31,54.4,0.0,54,293759,买盘
09:56:34,54.4,0.0,70,380727,买盘
09:56:37,54.38,-0.02,41,222966,卖盘
09:56:39,54.38,0.0,51,278074,卖盘
09:56:42,54.38,0.0,81,440492,卖盘
09:56:46,54.38,0.0,35,190333,卖盘
09:56:49,54.38,0.0,32,174035,卖盘
09:56:52,54.38,0.0,130,706215,卖盘
09:56:54,54.38,0.0,4,21752,买盘
09:56:58,54.38,0.0,32,174014,买盘
09:57:01,54.37,-0.01,45,244670,卖盘
09:57:04,54.37,0.0,76,413206,卖盘
09:57:06,54.37,0.0,12,65244,买盘
09:57:09,54.36,-0.01,158,859053,卖盘
09:57:12,54.37,0.01,94,511047,中性盘
09:57:15,54.37,0.0,30,163103,卖盘
09:57:18,54.38,0.01,40,217480,买盘
09:57:22,54.37,-0.01,78,424086,卖盘
09:57:25,54.37,0.0,178,967665,中性盘
09:57:28,54.37,0.0,128,696049,卖盘
09:57:31,54.38,0.01,17,92435,中性盘
09:57:34,54.39,0.01,177,962614,买盘
09:57:36,54.37,-0.02,69,375165,卖盘
09:57:39,54.37,0.0,15,81558,卖盘
09:57:42,54.37,0.0,50,271922,买盘
09:57:45,54.37,0.0,106,576322,卖盘
09:57:49,54.37,0.0,23,125040,买盘
09:57:52,54.36,-0.01,163,886084,卖盘
09:57:55,54.36,0.0,9,50666,卖盘
09:57:58,54.37,0.01,126,685049,买盘
09:58:00,54.36,-0.01,17,92412,卖盘
09:58:04,54.36,0.0,65,351600,卖盘
09:58:07,54.36,0.0,50,273566,买盘
09:58:09,54.36,0.0,97,525584,卖盘
09:58:13,54.36,0.0,68,369635,买盘
09:58:15,54.36,0.0,63,342429,买盘
09:58:18,54.37,0.01,39,212014,买盘
09:58:21,54.37,0.0,152,826383,买盘
09:58:24,54.36,-0.01,4,21744,卖盘
09:58:28,54.37,0.01,119,646932,买盘
09:58:31,54.37,0.0,34,184832,买盘
09:58:34,54.36,-0.01,128,695815,卖盘
09:58:36,54.37,0.01,34,184834,买盘
09:58:40,54.36,-0.01,41,222891,卖盘
09:58:43,54.37,0.01,112,607691,买盘
09:58:46,54.36,-0.01,39,212005,卖盘
09:58:48,54.36,0.0,65,353343,卖盘
09:58:52,54.36,0.0,15,81543,卖盘
09:58:54,54.36,0.0,30,164331,卖盘
09:58:58,54.36,0.0,19,103277,买盘
09:59:00,54.36,0.0,77,418536,买盘
09:59:04,54.35,-0.01,287,1559865,卖盘
09:59:07,54.36,0.01,250,1358801,买盘
09:59:09,54.36,0.0,64,346651,买盘
09:59:13,54.37,0.01,81,440318,买盘
09:59:15,54.36,-0.01,18,97850,卖盘
09:59:19,54.36,0.0,38,204885,卖盘
09:59:21,54.37,0.01,42,228333,买盘
09:59:24,54.36,-0.01,79,429439,卖盘
09:59:27,54.36,0.0,45,244620,买盘
09:59:30,54.37,0.01,159,864276,买盘
09:59:34,54.36,-0.01,79,429435,卖盘
09:59:37,54.35,-0.01,472,2568252,卖盘
09:59:40,54.33,-0.02,499,2707609,卖盘
09:59:42,54.3,-0.03,105,570242,卖盘
09:59:46,54.33,0.03,782,4247961,买盘
09:59:48,54.26,-0.07,31,168280,中性盘
09:59:51,54.26,0.0,14,76002,中性盘
09:59:54,54.23,-0.03,217,1176440,卖盘
09:59:58,54.23,0.0,20,108455,买盘
10:00:01,54.23,0.0,47,254828,买盘
10:00:04,54.22,-0.01,82,444609,卖盘
10:00:06,54.2,-0.02,462,2504265,卖盘
10:00:10,54.21,0.01,180,975624,买盘
10:00:12,54.19,-0.02,203,1100254,卖盘
10:00:16,54.18,-0.01,153,828981,卖盘
10:00:18,54.18,0.0,106,574327,卖盘
10:00:22,54.19,0.01,132,715232,买盘
10:00:24,54.17,-0.02,63,341328,卖盘
10:00:28,54.18,0.01,49,265464,买盘
10:00:30,54.18,0.0,574,3108767,买盘
10:00:34,54.17,-0.01,173,940104,卖盘
10:00:37,54.16,-0.01,217,1172496,卖盘
10:00:40,54.25,0.09,292,1582993,买盘
10:00:42,54.16,-0.09,309,1678426,卖盘
10:00:45,54.19,0.03,37,200457,买盘
10:00:49,54.18,-0.01,46,249274,卖盘
10:00:51,54.18,0.0,20,108368,卖盘
10:00:54,54.23,0.05,15,81288,中性盘
10:00:58,54.19,-0.04,7,37945,卖盘
10:01:00,54.2,0.01,14,75888,中性盘
10:01:05,54.19,-0.01,43,233036,卖盘
10:01:07,54.2,0.01,13,70460,中性盘
10:01:09,54.19,-0.01,118,639546,卖盘
10:01:12,54.22,0.03,35,189698,买盘
10:01:16,54.19,-0.03,87,471533,卖盘
10:01:19,54.21,0.02,9,48791,买盘
10:01:21,54.2,-0.01,94,509472,卖盘
10:01:24,54.2,0.0,38,205951,买盘
10:01:28,54.22,0.02,176,953973,买盘
10:01:31,54.22,0.0,34,184294,买盘
10:01:33,54.2,-0.02,33,178899,卖盘
10:01:37,54.21,0.01,54,292765,中性盘
10:01:39,54.21,0.0,41,222293,卖盘
10:01:43,54.24,0.03,112,607408,买盘
10:01:45,54.22,-0.02,115,623830,卖盘
10:01:49,54.25,0.03,516,2796982,中性盘
10:01:52,54.3,0.05,34,184443,买盘
10:01:55,54.25,-0.05,30,162761,卖盘
10:01:57,54.31,0.06,13,70551,买盘
10:02:00,54.3,-0.01,35,190066,中性盘
10:02:05,54.25,-0.05,10,54250,卖盘
10:02:07,54.3,0.05,25,135640,买盘
10:02:09,54.26,-0.04,9,48866,卖盘
10:02:13,54.25,-0.01,17,92253,卖盘
10:02:16,54.25,0.0,497,2695849,卖盘
10:02:18,54.23,-0.02,71,385076,卖盘
10:02:22,54.22,-0.01,102,553121,卖盘
10:02:25,54.23,0.01,335,1816011,买盘
10:02:27,54.2,-0.03,78,422938,卖盘
10:02:30,54.24,0.04,48,261684,买盘
10:02:34,54.22,-0.02,37,200621,买盘
10:02:36,54.21,-0.01,26,140951,卖盘
10:02:40,54.22,0.01,12,65064,买盘
10:02:43,54.22,0.0,5,27110,卖盘
10:02:45,54.23,0.01,28,151818,买盘
10:02:48,54.23,0.0,28,151844,买盘
10:02:52,54.23,0.0,26,140998,卖盘
10:02:54,54.23,0.0,29,157267,卖盘
10:02:57,54.24,0.01,123,666976,买盘
10:03:00,54.24,0.0,24,130163,买盘
10:03:04,54.23,-0.01,120,650725,卖盘
10:03:07,54.23,0.0,38,206066,买盘
10:03:10,54.24,0.01,93,504383,买盘
10:03:12,54.22,-0.02,209,1133496,卖盘
10:03:15,54.22,0.0,28,148088,卖盘
10:03:18,54.21,-0.01,50,271105,卖盘
10:03:21,54.24,0.03,42,227755,买盘
10:03:25,54.23,-0.01,95,515038,卖盘
10:03:28,54.23,0.0,36,195171,买盘
10:03:30,54.23,0.0,27,146407,买盘
10:03:34,54.2,-0.03,103,560717,卖盘
10:03:36,54.21,0.01,36,195154,买盘
10:03:39,54.2,-0.01,27,146361,卖盘
10:03:42,54.21,0.01,44,238528,买盘
10:03:46,54.21,0.0,68,368604,买盘
10:03:48,54.2,-0.01,68,368593,卖盘
10:03:51,54.21,0.01,42,227667,买盘
10:03:54,54.21,0.0,90,487812,买盘
10:03:57,54.21,0.0,108,585451,买盘
10:04:01,54.22,0.01,78,422813,买盘
10:04:04,54.21,-0.01,13,70473,卖盘
10:04:07,54.21,0.0,52,281871,买盘
10:04:10,54.21,0.0,45,243944,卖盘
10:04:12,54.21,0.0,24,130104,卖盘
10:04:16,54.21,0.0,33,178889,买盘
10:04:19,54.2,-0.01,29,157198,卖盘
10:04:22,54.2,0.0,37,200552,卖盘
10:04:24,54.21,0.01,162,878062,买盘
10:04:27,54.21,0.0,150,813134,买盘
10:04:30,54.21,0.0,48,260208,卖盘
10:04:34,54.21,0.0,9,48789,卖盘
10:04:37,54.21,0.0,34,184317,卖盘
10:04:40,54.21,0.0,154,834834,卖盘
10:04:43,54.21,0.0,18,97588,卖盘
10:04:46,54.22,0.01,126,683162,买盘
10:04:49,54.22,0.0,17,92163,买盘
10:04:51,54.22,0.0,157,851139,买盘
10:04:55,54.22,0.0,261,1412711,买盘
10:04:57,54.22,0.0,13,70486,卖盘
10:05:01,54.23,0.01,20,108454,买盘
10:05:05,54.22,-0.01,12,65072,卖盘
10:05:07,54.23,0.01,54,292821,买盘
10:05:09,54.23,0.0,62,336181,买盘
10:05:13,54.22,-0.01,72,392018,卖盘
10:05:15,54.23,0.01,45,244015,买盘
10:05:19,54.23,0.0,118,639887,买盘
10:05:21,54.23,0.0,41,222343,卖盘
10:05:25,54.23,0.0,1,5423,卖盘
10:05:27,54.24,0.01,6,32539,买盘
10:05:31,54.24,0.0,29,157296,买盘
10:05:33,54.24,0.0,78,420956,买盘
10:05:36,54.23,-0.01,263,1428416,卖盘
10:05:39,54.24,0.01,74,399175,买盘
10:05:42,54.23,-0.01,14,75925,卖盘
10:05:45,54.21,-0.02,196,1062717,卖盘
10:05:48,54.21,0.0,49,265769,卖盘
10:05:51,54.22,0.01,85,460902,卖盘
10:05:55,54.23,0.01,21,113884,中性盘
10:06:00,54.24,0.01,3,16272,买盘
10:06:04,54.24,0.0,20,108465,买盘
10:06:07,54.23,-0.01,38,206093,卖盘
10:06:10,54.23,0.0,93,504334,卖盘
10:06:12,54.23,0.0,12,65076,买盘
10:06:15,54.23,0.0,46,249429,买盘
10:06:18,54.23,0.0,36,195216,买盘
10:06:22,54.23,0.0,58,314484,买盘
10:06:25,54.23,0.0,59,319936,买盘
10:06:27,54.23,0.0,114,618135,买盘
10:06:31,54.23,0.0,59,319948,买盘
10:06:33,54.22,-0.01,42,228091,卖盘
10:06:37,54.22,0.0,36,195199,卖盘
10:06:39,54.23,0.01,31,168099,买盘
10:06:42,54.23,0.0,48,260271,买盘
10:06:45,54.22,-0.01,32,173516,卖盘
10:06:48,54.23,0.01,39,211484,买盘
10:06:51,54.23,0.0,22,119285,买盘
10:06:55,54.23,0.0,81,439255,买盘
10:06:57,54.23,0.0,89,482595,买盘
10:07:00,54.24,0.01,121,659817,买盘
10:07:05,54.23,-0.01,18,97614,卖盘
10:07:06,54.24,0.01,46,249474,买盘
10:07:09,54.24,0.0,8,43392,买盘
10:07:12,54.24,0.0,38,206102,买盘
10:07:16,54.24,0.0,19,103049,卖盘
10:07:19,54.24,0.0,49,265776,卖盘
10:07:21,54.24,0.0,13,70512,买盘
10:07:25,54.24,0.0,68,368844,卖盘
10:07:28,54.24,0.0,53,287475,卖盘
10:07:30,54.24,0.0,77,417644,卖盘
10:07:34,54.24,0.0,37,200700,买盘
10:07:37,54.25,0.01,39,211541,买盘
10:07:40,54.25,0.0,10,54250,买盘
10:07:42,54.25,0.0,59,320045,买盘
10:07:45,54.25,0.0,96,520761,买盘
10:07:49,54.25,0.0,27,146475,卖盘
10:07:52,54.25,0.0,41,222448,卖盘
10:07:55,54.26,0.01,14,75964,买盘
10:07:57,54.26,0.0,2,10852,卖盘
10:08:00,54.27,0.01,11,59693,买盘
10:08:04,54.27,0.0,11,59697,卖盘
10:08:06,54.29,0.02,31,168267,买盘
10:08:13,54.31,0.02,99,537527,买盘
10:08:15,54.3,-0.01,47,255210,卖盘
10:08:18,54.3,0.0,76,412680,卖盘
10:08:21,54.3,0.0,178,966606,卖盘
10:08:25,54.31,0.01,113,613705,买盘
10:08:27,54.33,0.02,23,124917,买盘
10:08:30,54.33,0.0,11,59751,买盘
10:08:33,54.33,0.0,8,43464,买盘
10:08:36,54.33,0.0,14,76065,卖盘
10:08:39,54.34,0.01,42,228189,买盘
10:08:42,54.33,-0.01,24,130399,卖盘
10:08:46,54.34,0.01,100,543367,买盘
10:08:49,54.33,-0.01,34,184747,卖盘
10:08:52,54.34,0.01,24,130403,买盘
10:08:55,54.34,0.0,140,760709,买盘
10:08:58,54.34,0.0,145,787792,买盘
10:09:00,54.34,0.0,21,114098,买盘
10:09:04,54.34,0.0,27,146716,卖盘
10:09:06,54.34,0.0,34,184777,卖盘
10:09:09,54.35,0.01,8,43478,买盘
10:09:12,54.35,0.0,52,282567,买盘
10:09:15,54.34,-0.01,34,184775,卖盘
10:09:18,54.34,0.0,39,211906,买盘
10:09:21,54.35,0.01,35,190221,买盘
10:09:24,54.34,-0.01,53,288026,卖盘
10:09:27,54.34,0.0,5,27170,买盘
10:09:30,54.33,-0.01,30,163018,卖盘
10:09:33,54.34,0.01,3,16301,买盘
10:09:36,54.3,-0.04,319,1732722,卖盘
10:09:39,54.33,0.03,8,43458,中性盘
10:09:43,54.33,0.0,12,65196,买盘
10:09:45,54.3,-0.03,17,92313,卖盘
10:09:48,54.31,0.01,7,38020,中性盘
10:09:52,54.32,0.01,31,168384,买盘
10:09:55,54.32,0.0,70,380295,卖盘
10:09:57,54.31,-0.01,16,86897,卖盘
10:10:00,54.32,0.01,72,390988,买盘
10:10:05,54.3,-0.02,41,222632,卖盘
10:10:07,54.31,0.01,36,195488,买盘
10:10:10,54.32,0.01,15,81472,买盘
10:10:12,54.3,-0.02,6,32580,卖盘
10:10:16,54.3,0.0,118,640756,卖盘
10:10:19,54.3,0.0,9,48870,买盘
10:10:21,54.3,0.0,15,81449,买盘
10:10:24,54.3,0.0,36,195478,买盘
10:10:27,54.3,0.0,18,97732,买盘
10:10:30,54.3,0.0,65,352947,买盘
10:10:34,54.29,-0.01,45,244315,卖盘
10:10:37,54.3,0.01,30,158874,买盘
10:10:39,54.3,0.0,52,286350,买盘
10:10:42,54.29,-0.01,17,92293,卖盘
10:10:46,54.24,-0.05,771,4183066,卖盘
10:10:49,54.24,0.0,16,86784,买盘
10:10:52,54.29,0.05,141,764992,买盘
10:10:55,54.24,-0.05,27,146545,中性盘
10:10:57,54.23,-0.01,151,818996,卖盘
10:11:00,54.29,0.06,13,70553,买盘
10:11:05,54.25,-0.04,32,173633,卖盘
10:11:07,54.28,0.03,13,70563,中性盘
10:11:09,54.25,-0.03,15,81396,卖盘
10:11:13,54.28,0.03,33,179124,买盘
10:11:15,54.27,-0.01,80,434069,卖盘
10:11:18,54.27,0.0,38,206210,买盘
10:11:21,54.26,-0.01,67,359536,卖盘
10:11:24,54.27,0.01,84,455851,买盘
10:11:27,54.28,0.01,54,293067,买盘
10:11:30,54.3,0.02,235,1278598,买盘
10:11:33,54.33,0.03,82,445371,买盘
10:11:36,54.31,-0.02,12,65161,中性盘
10:11:40,54.31,0.0,29,157480,买盘
10:11:43,54.31,0.0,84,456217,买盘
10:11:46,54.31,0.0,100,544476,买盘
10:11:49,54.33,0.02,19,103189,买盘
10:11:51,54.33,0.0,22,119506,买盘
10:11:55,54.33,0.0,61,331361,买盘
10:11:57,54.33,0.0,4,21732,买盘
10:12:01,54.33,0.0,29,157557,买盘
10:12:04,54.33,0.0,29,157553,卖盘
10:12:07,54.33,0.0,1,5433,卖盘
10:12:09,54.35,0.02,22,119560,买盘
10:12:12,54.35,0.0,61,331593,卖盘
10:12:16,54.35,0.0,9,48915,中性盘
10:12:19,54.34,-0.01,37,201083,卖盘
10:12:22,54.35,0.01,96,521760,买盘
10:12:25,54.35,0.0,26,141310,卖盘
10:12:27,54.36,0.01,79,429348,买盘
10:12:30,54.36,0.0,18,97843,买盘
10:12:33,54.34,-0.02,81,440232,卖盘
10:12:36,54.34,0.0,67,364171,卖盘
10:12:40,54.36,0.02,25,135900,买盘
10:12:43,54.36,0.0,10,54366,卖盘
10:12:46,54.36,0.0,12,65234,卖盘
10:12:49,54.38,0.02,47,255506,买盘
10:12:52,54.37,-0.01,45,244632,中性盘
10:12:55,54.37,0.0,20,108742,卖盘
10:12:57,54.38,0.01,158,859196,买盘
10:13:00,54.4,0.02,154,837722,买盘
10:13:05,54.4,0.0,21,114240,卖盘
10:13:07,54.42,0.02,33,179520,买盘
10:13:10,54.42,0.0,104,565876,买盘
10:13:12,54.42,0.0,30,163221,买盘
10:13:15,54.42,0.0,29,157732,买盘
10:13:19,54.4,-0.02,47,255724,卖盘
10:13:22,54.4,0.0,57,310123,卖盘
10:13:25,54.41,0.01,70,380819,买盘
10:13:27,54.41,0.0,37,201279,买盘
10:13:31,54.41,0.0,30,163174,买盘
10:13:34,54.41,0.0,68,369940,买盘
10:13:36,54.42,0.01,29,157791,买盘
10:13:39,54.42,0.0,86,467913,买盘
10:13:43,54.38,-0.04,173,941226,卖盘
10:13:46,54.4,0.02,109,592957,买盘
10:13:48,54.4,0.0,83,451428,买盘
10:13:51,54.37,-0.03,51,277401,卖盘
10:13:55,54.39,0.02,42,228441,中性盘
10:13:57,54.38,-0.01,62,337198,卖盘
10:14:00,54.37,-0.01,45,244686,卖盘
10:14:04,54.38,0.01,16,87007,买盘
10:14:07,54.37,-0.01,43,233812,卖盘
10:14:10,54.36,-0.01,157,853712,卖盘
10:14:13,54.38,0.02,54,293615,买盘
10:14:15,54.37,-0.01,49,266372,买盘
10:14:19,54.37,0.0,21,114160,买盘
10:14:22,54.37,0.0,20,108734,买盘
10:14:24,54.37,0.0,47,255539,卖盘
10:14:27,54.37,0.0,26,141349,买盘
10:14:30,54.39,0.02,63,342500,买盘
10:14:34,54.36,-0.03,32,173995,卖盘
10:14:36,54.36,0.0,41,222884,卖盘
10:14:39,54.36,0.0,40,217453,卖盘
10:14:43,54.39,0.03,71,386163,买盘
10:14:46,54.39,0.0,27,146853,卖盘
10:14:49,54.39,0.0,63,342643,卖盘
10:14:52,54.39,0.0,9,48951,买盘
10:14:54,54.39,0.0,110,598133,买盘
10:14:58,54.37,-0.02,17,92461,中性盘
10:15:00,54.35,-0.02,589,3201473,卖盘
10:15:04,54.33,-0.02,144,782512,卖盘
10:15:07,54.37,0.04,71,385779,买盘
10:15:10,54.34,-0.03,40,217330,中性盘
10:15:13,54.34,0.0,65,353144,买盘
10:15:16,54.31,-0.03,46,249881,卖盘
10:15:19,54.31,0.0,139,755182,卖盘
10:15:21,54.32,0.01,39,211822,买盘
10:15:25,54.3,-0.02,52,282388,卖盘
10:15:27,54.31,0.01,92,499562,买盘
10:15:30,54.31,0.0,137,743945,买盘
10:15:33,54.29,-0.02,98,532112,卖盘
10:15:37,54.31,0.02,110,597346,买盘
10:15:40,54.31,0.0,37,200901,买盘
10:15:43,54.29,-0.02,97,526539,卖盘
10:15:46,54.3,0.01,46,249738,卖盘
10:15:49,54.29,-0.01,170,922980,卖盘
10:15:52,54.3,0.01,103,559172,买盘
10:15:55,54.29,-0.01,84,456014,卖盘
10:15:58,54.28,-0.01,66,358279,卖盘
10:16:01,54.29,0.01,578,3136017,中性盘
10:16:04,54.24,-0.05,298,1616202,卖盘
10:16:06,54.22,-0.02,200,1084457,卖盘
10:16:09,54.21,-0.01,185,1000341,买盘
10:16:12,54.22,0.01,102,552960,买盘
10:16:16,54.21,-0.01,212,1150716,卖盘
10:16:18,54.22,0.01,618,3348163,买盘
10:16:21,54.21,-0.01,67,363185,卖盘
10:16:25,54.2,-0.01,539,2923014,卖盘
10:16:27,54.2,0.0,384,2080983,买盘
10:16:30,54.2,0.0,128,693615,买盘
10:16:33,54.19,-0.01,1085,5878571,中性盘
10:16:37,54.2,0.01,161,872392,买盘
10:16:40,54.17,-0.03,313,1695764,卖盘
10:16:43,54.18,0.01,72,390069,卖盘
10:16:46,54.16,-0.02,267,1447155,卖盘
10:16:49,54.16,0.0,98,530845,卖盘
10:16:52,54.19,0.03,62,335956,买盘
10:16:54,54.19,0.0,40,216696,买盘
10:16:58,54.16,-0.03,16,86670,卖盘
10:17:00,54.17,0.01,15,81255,买盘
10:17:04,54.19,0.02,104,563429,买盘
10:17:07,54.17,-0.02,4,21668,卖盘
10:17:09,54.19,0.02,45,243806,买盘
10:17:12,54.18,-0.01,148,801751,买盘
10:17:16,54.18,0.0,56,303409,卖盘
10:17:18,54.19,0.01,38,205894,买盘
10:17:22,54.19,0.0,61,330569,买盘
10:17:24,54.19,0.0,23,124638,卖盘
10:17:28,54.2,0.01,40,216765,买盘
10:17:30,54.2,0.0,37,200520,买盘
10:17:34,54.19,-0.01,98,531047,卖盘
10:17:36,54.2,0.01,61,330563,买盘
10:17:39,54.19,-0.01,63,343131,卖盘
10:17:42,54.19,0.0,7,37933,卖盘
10:17:45,54.19,0.0,18,97553,卖盘
10:17:48,54.2,0.01,556,3011060,买盘
10:17:52,54.2,0.0,29,157179,买盘
10:17:54,54.18,-0.02,151,818226,卖盘
10:17:58,54.2,0.02,31,168012,买盘
10:18:00,54.2,0.0,179,970108,买盘
10:18:04,54.18,-0.02,54,292631,卖盘
10:18:07,54.19,0.01,181,980925,买盘
10:18:09,54.18,-0.01,80,433496,卖盘
10:18:13,54.19,0.01,17,92126,中性盘
10:18:15,54.18,-0.01,210,1137834,卖盘
10:18:18,54.2,0.02,41,222210,买盘
10:18:22,54.19,-0.01,75,406430,中性盘
10:18:25,54.19,0.0,20,108382,卖盘
10:18:27,54.19,0.0,47,254709,卖盘
10:18:30,54.19,0.0,13,70611,卖盘
10:18:33,54.2,0.01,156,845471,买盘
10:18:37,54.19,-0.01,112,609740,卖盘
10:18:39,54.2,0.01,49,265543,买盘
10:18:43,54.2,0.0,249,1349498,买盘
10:18:45,54.2,0.0,24,130067,买盘
10:18:49,54.19,-0.01,63,341367,卖盘
10:18:51,54.19,0.0,58,314302,买盘
10:18:55,54.18,-0.01,57,308894,卖盘
10:18:57,54.2,0.02,28,151724,买盘
10:19:01,54.19,-0.01,25,135467,中性盘
10:19:04,54.19,0.0,18,97541,买盘
10:19:07,54.2,0.01,690,3735999,买盘
10:19:09,54.2,0.0,7,37940,卖盘
10:19:13,54.2,0.0,197,1067750,卖盘
10:19:16,54.19,-0.01,230,1250258,卖盘
10:19:19,54.2,0.01,39,211380,买盘
10:19:21,54.2,0.0,170,921335,买盘
10:19:24,54.2,0.0,46,249301,买盘
10:19:28,54.2,0.0,217,1176048,买盘
10:19:30,54.2,0.0,142,769530,买盘
10:19:33,54.21,0.01,79,424441,买盘
10:19:36,54.2,-0.01,44,238482,卖盘
10:19:39,54.21,0.01,128,693775,买盘
10:19:43,54.21,0.0,48,260264,卖盘
10:19:46,54.21,0.0,69,374080,卖盘
10:19:48,54.2,-0.01,1039,5631507,卖盘
10:19:52,54.21,0.01,33,178877,卖盘
10:19:55,54.21,0.0,218,1181389,买盘
10:19:57,54.21,0.0,9,48786,买盘
10:20:00,54.21,0.0,111,601558,买盘
10:20:05,54.2,-0.01,104,563677,卖盘
10:20:07,54.18,-0.02,209,1132450,卖盘
10:20:10,54.2,0.02,242,1311225,买盘
10:20:13,54.17,-0.03,35,189620,卖盘
10:20:16,54.2,0.03,762,4130213,买盘
10:20:18,54.2,0.0,257,1392940,卖盘
10:20:21,54.21,0.01,226,1224926,买盘
10:20:25,54.2,-0.01,177,959345,卖盘
10:20:27,54.2,0.0,95,514908,卖盘
10:20:30,54.2,0.0,817,4427301,卖盘
10:20:34,54.2,0.0,45,243862,买盘
10:20:36,54.2,0.0,10,54200,买盘
10:20:40,54.18,-0.02,235,1276244,卖盘
10:20:42,54.2,0.02,75,406429,买盘
10:20:45,54.19,-0.01,312,1691030,卖盘
10:20:49,54.19,0.0,135,731567,卖盘
10:20:51,54.19,0.0,191,1034950,买盘
10:20:55,54.19,0.0,7,37933,买盘
10:20:58,54.18,-0.01,244,1319181,卖盘
10:21:00,54.18,0.0,58,314244,买盘
10:21:04,54.18,0.0,74,400879,买盘
10:21:07,54.18,0.0,77,416300,买盘
10:21:10,54.17,-0.01,41,222133,卖盘
10:21:12,54.18,0.01,48,260069,卖盘
10:21:15,54.2,0.02,35,189665,买盘
10:21:19,54.19,-0.01,45,243826,中性盘
10:21:22,54.18,-0.01,105,568926,卖盘
10:21:24,54.22,0.04,1189,6447874,买盘
10:21:27,54.22,0.0,157,851254,卖盘
10:21:31,54.22,0.0,271,1469371,卖盘
10:21:34,54.22,0.0,124,672343,卖盘
10:21:37,54.22,0.0,395,2139374,卖盘
10:21:40,54.22,0.0,33,178875,买盘
10:21:42,54.22,0.0,96,520219,买盘
10:21:46,54.22,0.0,9,48798,买盘
10:21:48,54.22,0.0,45,248190,买盘
10:21:51,54.19,-0.03,60,325153,卖盘
10:21:55,54.21,0.02,91,493230,买盘
10:21:57,54.2,-0.01,10,54204,卖盘
10:22:00,54.2,0.0,36,195133,卖盘
10:22:04,54.21,0.01,11,59636,卖盘
10:22:07,54.21,0.0,312,1691067,卖盘
10:22:10,54.21,0.0,18,97561,中性盘
10:22:12,54.22,0.01,164,888953,买盘
10:22:15,54.2,-0.02,81,439041,卖盘
10:22:18,54.2,0.0,139,753438,卖盘
10:22:22,54.2,0.0,165,894327,卖盘
10:22:24,54.21,0.01,55,298153,买盘
10:22:28,54.21,0.0,24,130105,卖盘
10:22:30,54.22,0.01,2,10843,买盘
10:22:34,54.22,0.0,31,168121,买盘
10:22:37,54.22,0.0,31,168057,买盘
10:22:39,54.2,-0.02,27,146301,卖盘
10:22:43,54.22,0.02,27,146381,买盘
10:22:46,54.2,-0.02,17,92143,卖盘
10:22:48,54.21,0.01,22,119265,买盘
10:22:52,54.22,0.01,52,281869,买盘
10:22:55,54.22,0.0,22,114497,买盘
10:22:58,54.22,0.0,46,249393,买盘
10:23:00,54.21,-0.01,44,238524,卖盘
10:23:04,54.21,0.0,38,206010,卖盘
10:23:06,54.21,0.0,295,1599479,卖盘
10:23:10,54.22,0.01,400,2171163,买盘
10:23:12,54.21,-0.01,87,471666,卖盘
10:23:16,54.22,0.01,103,558377,中性盘
10:23:19,54.22,0.0,50,271078,卖盘
10:23:22,54.2,-0.02,89,482509,卖盘
10:23:25,54.22,0.02,6,32529,买盘
10:23:27,54.21,-0.01,60,325240,卖盘
10:23:30,54.21,0.0,8,43366,买盘
10:23:33,54.21,0.0,18,97565,买盘
10:23:37,54.21,0.0,527,2856354,买盘
10:23:39,54.19,-0.02,132,715398,卖盘
10:23:42,54.19,0.0,19,102964,卖盘
10:23:46,54.2,0.01,14,75876,买盘
10:23:49,54.2,0.0,51,276399,买盘
10:23:51,54.2,0.0,40,216767,买盘
10:23:54,54.2,0.0,18,97554,买盘
10:23:57,54.19,-0.01,42,227620,卖盘
10:24:00,54.2,0.01,18,97560,买盘
10:24:04,54.19,-0.01,11,59615,卖盘
10:24:06,54.19,0.0,51,276369,卖盘
10:24:10,54.2,0.01,1014,5496092,买盘
10:24:12,54.19,-0.01,147,794497,卖盘
10:24:16,54.18,-0.01,250,1354512,卖盘
10:24:18,54.19,0.01,20,108380,买盘
10:24:22,54.18,-0.01,77,417186,卖盘
10:24:24,54.18,0.0,72,390124,卖盘
10:24:27,54.18,0.0,29,157123,卖盘
10:24:30,54.18,0.0,23,124618,卖盘
10:24:33,54.18,0.0,18,97527,卖盘
10:24:36,54.18,0.0,56,303423,卖盘
10:24:39,54.19,0.01,67,363002,买盘
10:24:42,54.18,-0.01,15,81270,卖盘
10:24:46,54.18,0.0,57,308812,买盘
10:24:48,54.19,0.01,17,92108,买盘
10:24:51,54.18,-0.01,140,758522,卖盘
10:24:55,54.18,0.0,89,482183,卖盘
10:24:58,54.17,-0.01,66,357535,卖盘
10:25:01,54.17,0.0,51,276278,卖盘
10:25:05,54.17,0.0,255,1381355,卖盘
10:25:06,54.17,0.0,104,564728,卖盘
10:25:09,54.16,-0.01,119,644516,卖盘
10:25:12,54.16,0.0,92,498396,卖盘
10:25:15,54.15,-0.01,1670,9045542,卖盘
10:25:18,54.14,-0.01,508,2749702,卖盘
10:25:22,54.11,-0.03,197,1066014,卖盘
10:25:24,54.11,0.0,63,340910,卖盘
10:25:28,54.11,0.0,59,319252,卖盘
10:25:30,54.14,0.03,21,113646,买盘
10:25:33,54.11,-0.03,22,119066,卖盘
10:25:36,54.11,0.0,38,205654,卖盘
10:25:39,54.11,0.0,25,135275,卖盘
10:25:42,54.12,0.01,43,232739,卖盘
10:25:45,54.12,0.0,14,75768,卖盘
10:25:49,54.1,-0.02,388,2100891,卖盘
10:25:52,54.1,0.0,114,616795,卖盘
10:25:54,54.11,0.01,67,362547,卖盘
10:25:57,54.09,-0.02,653,3531063,卖盘
10:26:01,54.1,0.01,265,1433267,买盘
10:26:04,54.07,-0.03,95,513726,卖盘
10:26:07,54.1,0.03,30,161545,买盘
10:26:09,54.08,-0.02,45,243343,中性盘
10:26:13,54.06,-0.02,27,145985,卖盘
10:26:15,54.07,0.01,88,475800,中性盘
10:26:18,54.07,0.0,92,497395,买盘
10:26:22,54.05,-0.02,116,627089,卖盘
10:26:24,54.06,0.01,76,410848,中性盘
10:26:28,54.06,0.0,40,216235,卖盘
10:26:30,54.07,0.01,58,313542,买盘
10:26:33,54.06,-0.01,57,308161,卖盘
10:26:36,54.06,0.0,67,362205,卖盘
10:26:39,54.07,0.01,132,713612,买盘
10:26:43,54.06,-0.01,87,470381,卖盘
10:26:46,54.06,0.0,174,940848,卖盘
10:26:49,54.06,0.0,131,708348,卖盘
10:26:51,54.06,0.0,140,756886,卖盘
10:26:55,54.07,0.01,171,924465,卖盘
10:26:58,54.07,0.0,66,356851,卖盘
10:27:00,54.07,0.0,102,551540,卖盘
10:27:04,54.08,0.01,175,946389,买盘
10:27:06,54.08,0.0,94,508316,卖盘
10:27:10,54.07,-0.01,65,351486,卖盘
10:27:13,54.08,0.01,121,654264,中性盘
10:27:15,54.07,-0.01,78,421739,卖盘
10:27:19,54.07,0.0,69,373083,买盘
10:27:22,54.06,-0.01,59,318980,卖盘
10:27:25,54.06,0.0,115,621737,卖盘
10:27:27,54.07,0.01,59,318966,买盘
10:27:30,54.07,0.0,42,227068,买盘
10:27:34,54.07,0.0,42,227066,买盘
10:27:36,54.07,0.0,33,178422,买盘
10:27:39,54.06,-0.01,131,708287,卖盘
10:27:42,54.07,0.01,40,216288,中性盘
10:27:46,54.07,0.0,79,427171,卖盘
10:27:49,54.07,0.0,53,286584,卖盘
10:27:51,54.07,0.0,22,118970,卖盘
10:27:55,54.08,0.01,40,215967,买盘
10:27:57,54.08,0.0,20,108160,卖盘
10:28:00,54.09,0.01,11,59494,买盘
10:28:05,54.08,-0.01,10,54081,卖盘
10:28:07,54.08,0.0,60,324493,卖盘
10:28:09,54.09,0.01,7,37860,买盘
10:28:12,54.1,0.01,26,140620,买盘
10:28:15,54.09,-0.01,14,75722,卖盘
10:28:18,54.1,0.01,3,16230,买盘
10:28:22,54.1,0.0,602,3255482,买盘
10:28:25,54.1,0.0,135,730068,买盘
10:28:28,54.08,-0.02,139,751488,中性盘
10:28:31,54.1,0.02,64,346145,买盘
10:28:34,54.07,-0.03,59,319092,卖盘
10:28:37,54.08,0.01,17,91138,卖盘
10:28:39,54.08,0.0,193,1044571,卖盘
10:28:43,54.07,-0.01,93,502899,卖盘
10:28:46,54.07,0.0,76,410955,卖盘
10:28:49,54.07,0.0,53,286575,卖盘
10:28:51,54.06,-0.01,38,205440,卖盘
10:28:54,54.07,0.01,36,194646,买盘
10:28:58,54.06,-0.01,15,81091,卖盘
10:29:01,54.07,0.01,135,729882,买盘
10:29:05,54.06,-0.01,75,405466,卖盘
10:29:07,54.07,0.01,38,205465,买盘
10:29:10,54.07,0.0,42,227100,卖盘
10:29:13,54.07,0.0,21,113552,卖盘
10:29:15,54.08,0.01,42,227105,买盘
10:29:18,54.07,-0.01,34,183870,卖盘
10:29:22,54.08,0.01,14,75699,买盘
10:29:25,54.08,0.0,14,75711,买盘
10:29:27,54.07,-0.01,25,135188,卖盘
10:29:31,54.08,0.01,78,421809,买盘
10:29:33,54.08,0.0,62,335267,买盘
10:29:36,54.08,0.0,2,10816,买盘
10:29:39,54.08,0.0,155,838727,买盘
10:29:42,54.08,0.0,9,50348,卖盘
10:29:45,54.09,0.01,59,319075,买盘
10:29:49,54.08,-0.01,7,37858,卖盘
10:29:51,54.08,0.0,20,108160,卖盘
10:29:55,54.09,0.01,294,1589772,买盘
10:29:57,54.09,0.0,54,292079,买盘
10:30:01,54.09,0.0,79,427249,卖盘
10:30:04,54.09,0.0,47,254225,卖盘
10:30:07,54.09,0.0,54,292088,卖盘
10:30:09,54.1,0.01,93,503082,买盘
10:30:13,54.1,0.0,85,459833,卖盘
10:30:15,54.1,0.0,46,248863,卖盘
10:30:19,54.1,0.0,50,270495,卖盘
10:30:21,54.1,0.0,40,216375,买盘
10:30:24,54.09,-0.01,33,178526,卖盘
10:30:27,54.09,0.0,55,297534,卖盘
10:30:31,54.11,0.02,18,97385,买盘
10:30:34,54.1,-0.01,65,351597,卖盘
10:30:36,54.08,-0.02,93,503036,卖盘
10:30:40,54.09,0.01,162,876117,买盘
10:30:42,54.08,-0.01,63,340670,卖盘
10:30:46,54.07,-0.01,201,1086097,卖盘
10:30:48,54.07,0.0,114,616851,买盘
10:30:51,54.06,-0.01,261,1410995,卖盘
10:30:55,54.07,0.01,183,989303,买盘
10:30:57,54.05,-0.02,262,1415311,卖盘
10:31:00,54.07,0.02,29,156803,买盘
10:31:04,54.06,-0.01,85,459456,卖盘
10:31:07,54.05,-0.01,158,854038,卖盘
10:31:09,54.05,0.0,137,740578,卖盘
10:31:13,54.05,0.0,71,383763,卖盘
10:31:15,54.06,0.01,10,54070,买盘
10:31:18,54.08,0.02,40,216222,买盘
10:31:21,54.06,-0.02,23,124378,卖盘
10:31:24,54.08,0.02,111,600106,买盘
10:31:27,54.05,-0.03,58,313625,卖盘
10:31:31,54.08,0.03,23,124335,买盘
10:31:34,54.08,0.0,191,1032911,买盘
10:31:36,54.08,0.0,45,243361,卖盘
10:31:40,54.08,0.0,47,254176,卖盘
10:31:42,54.09,0.01,93,502960,买盘
10:31:46,54.08,-0.01,99,535438,卖盘
10:31:49,54.08,0.0,51,275816,卖盘
10:31:52,54.07,-0.01,86,466437,卖盘
10:31:54,54.08,0.01,32,173056,中性盘
10:31:58,54.07,-0.01,31,167623,卖盘
10:32:01,54.08,0.01,108,584061,买盘
10:32:05,54.07,-0.01,80,432574,卖盘
10:32:06,54.09,0.02,517,2794896,买盘
10:32:09,54.09,0.0,530,2864733,买盘
10:32:12,54.08,-0.01,8,43264,卖盘
10:32:16,54.08,0.0,234,1264898,卖盘
10:32:19,54.05,-0.03,129,697375,卖盘
10:32:21,54.04,-0.01,318,1718722,卖盘
10:32:24,54.04,0.0,119,643162,卖盘
10:32:28,54.05,0.01,85,459385,买盘
10:32:31,54.04,-0.01,68,367519,卖盘
10:32:33,54.05,0.01,37,199994,卖盘
10:32:36,54.05,0.0,29,156746,卖盘
10:32:40,54.07,0.02,66,356758,买盘
10:32:43,54.06,-0.01,245,1324997,中性盘
10:32:45,54.06,0.0,15,81090,卖盘
10:32:48,54.09,0.03,56,302721,买盘
10:32:52,54.06,-0.03,38,205490,卖盘
10:32:57,54.06,0.0,17,91927,卖盘
10:33:00,54.08,0.02,17,91936,买盘
10:33:04,54.08,0.0,10,54081,卖盘
10:33:06,54.07,-0.01,12,64884,卖盘
10:33:09,54.06,-0.01,28,151403,卖盘
10:33:12,54.06,0.0,33,178421,卖盘
10:33:16,54.06,0.0,21,113537,卖盘
10:33:18,54.08,0.02,59,319029,买盘
10:33:22,54.08,0.0,70,378560,卖盘
10:33:24,54.08,0.0,36,194688,卖盘
10:33:27,54.09,0.01,5,27042,买盘
10:33:30,54.09,0.0,13,70311,买盘
10:33:34,54.08,-0.01,39,210923,卖盘
10:33:37,54.09,0.01,34,183876,买盘
10:33:40,54.07,-0.02,40,216301,卖盘
10:33:42,54.09,0.02,55,297463,买盘
10:33:45,54.07,-0.02,25,135181,卖盘
10:33:48,54.09,0.02,19,102761,买盘
10:33:52,54.08,-0.01,85,459624,卖盘
10:33:54,54.07,-0.01,29,156817,卖盘
10:33:58,54.08,0.01,79,427194,买盘
10:34:01,54.09,0.01,37,200102,买盘
10:34:04,54.09,0.0,47,254198,买盘
10:34:07,54.09,0.0,10,54090,买盘
10:34:10,54.09,0.0,30,162256,买盘
10:34:12,54.09,0.0,26,140634,卖盘
10:34:15,54.09,0.0,16,86553,卖盘
10:34:19,54.1,0.01,29,156864,买盘
10:34:21,54.09,-0.01,27,146052,卖盘
10:34:24,54.1,0.01,34,183926,买盘
10:34:28,54.09,-0.01,64,346181,卖盘
10:34:30,54.09,0.0,27,146062,卖盘
10:34:33,54.1,0.01,63,340802,买盘
10:34:37,54.1,0.0,28,151464,卖盘
10:34:39,54.1,0.0,49,265092,卖盘
10:34:43,54.11,0.01,44,238071,买盘
10:34:46,54.1,-0.01,87,470730,卖盘
10:34:48,54.15,0.05,233,1261055,买盘
10:34:51,54.1,-0.05,246,1331281,卖盘
10:34:55,54.1,0.0,11,59509,买盘
10:34:57,54.1,0.0,165,892510,买盘
10:35:01,54.15,0.05,7,37897,买盘
10:35:04,54.1,-0.05,148,800812,卖盘
10:35:07,54.15,0.05,14,75798,买盘
10:35:09,54.15,0.0,34,183967,买盘
10:35:13,54.12,-0.03,3,16239,中性盘
10:35:15,54.14,0.02,6,32489,中性盘
10:35:19,54.15,0.01,4,21658,买盘
10:35:21,54.11,-0.04,24,128186,卖盘
10:35:24,54.15,0.04,2,10829,买盘
10:35:28,54.15,0.0,20,108282,买盘
10:35:30,54.14,-0.01,26,140750,买盘
10:35:34,54.15,0.01,26,140755,买盘
10:35:36,54.13,-0.02,11,59550,卖盘
10:35:40,54.14,0.01,9,48726,买盘
10:35:43,54.14,0.0,51,276114,买盘
10:35:45,54.14,0.0,23,124522,卖盘
10:35:49,54.15,0.01,24,129959,买盘
10:35:52,54.15,0.0,12,64981,卖盘
10:35:55,54.16,0.01,4,21664,买盘
10:35:58,54.18,0.02,39,211249,买盘
10:36:00,54.16,-0.02,6,32508,卖盘
10:36:04,54.16,0.0,6,32500,卖盘
10:36:07,54.19,0.03,9,48766,买盘
10:36:10,54.19,0.0,39,213454,买盘
10:36:13,54.19,0.0,33,178827,卖盘
10:36:15,54.19,0.0,38,205930,卖盘
10:36:18,54.2,0.01,21,113819,买盘
10:36:22,54.2,0.0,74,401013,买盘
10:36:24,54.2,0.0,35,189698,买盘
10:36:28,54.2,0.0,127,686153,买盘
10:36:30,54.19,-0.01,40,216599,卖盘
10:36:33,54.2,0.01,102,552718,买盘
10:36:37,54.16,-0.04,36,195027,卖盘
10:36:40,54.19,0.03,20,108380,买盘
10:36:43,54.17,-0.02,7,37923,中性盘
10:36:46,54.18,0.01,27,146282,中性盘
10:36:48,54.18,0.0,3,16254,买盘
10:36:51,54.16,-0.02,18,97524,卖盘
10:36:55,54.18,0.02,5,27086,买盘
10:36:57,54.16,-0.02,18,97488,卖盘
10:37:01,54.17,0.01,15,81256,中性盘
10:37:04,54.16,-0.01,12,65000,卖盘
10:37:07,54.17,0.01,7,37917,买盘
10:37:10,54.16,-0.01,120,650029,卖盘
10:37:12,54.16,0.0,42,227472,卖盘
10:37:15,54.18,0.02,36,194985,买盘
10:37:19,54.17,-0.01,9,46367,中性盘
10:37:22,54.15,-0.02,17,94610,卖盘
10:37:25,54.18,0.03,29,154524,买盘
10:37:28,54.17,-0.01,31,167932,卖盘
10:37:31,54.18,0.01,30,162517,买盘
10:37:34,54.18,0.0,159,861167,买盘
10:37:36,54.18,0.0,4,21672,买盘
10:37:39,54.15,-0.03,38,205782,卖盘
10:37:43,54.16,0.01,13,70419,卖盘
10:37:45,54.17,0.01,12,65001,买盘
10:37:49,54.17,0.0,89,482598,买盘
10:37:52,54.16,-0.01,12,65001,卖盘
10:37:55,54.16,0.0,37,199918,卖盘
10:37:58,54.16,0.0,4,21664,买盘
10:38:00,54.16,0.0,10,54161,买盘
10:38:04,54.16,0.0,15,81245,卖盘
10:38:07,54.16,0.0,7,37918,卖盘
10:38:09,54.16,0.0,2,10832,卖盘
10:38:13,54.17,0.01,19,102910,买盘
10:38:15,54.17,0.0,26,140813,买盘
10:38:19,54.15,-0.02,199,1080153,卖盘
10:38:22,54.14,-0.01,58,314020,卖盘
10:38:25,54.14,0.0,8,43313,卖盘
10:38:27,54.15,0.01,7,37906,买盘
10:38:30,54.15,0.0,14,75814,卖盘
10:38:34,54.15,0.0,28,151621,卖盘
10:38:37,54.16,0.01,34,184124,买盘
10:38:40,54.15,-0.01,34,184112,卖盘
10:38:42,54.15,0.0,209,1131786,卖盘
10:38:46,54.14,-0.01,97,525168,卖盘
10:38:48,54.14,0.0,32,173255,卖盘
10:38:52,54.13,-0.01,73,395195,卖盘
10:38:54,54.13,0.0,18,97434,卖盘
10:38:57,54.15,0.02,305,1650947,买盘
10:39:01,54.13,-0.02,46,249056,卖盘
10:39:04,54.12,-0.01,104,562929,卖盘
10:39:07,54.12,0.0,12,64949,卖盘
10:39:10,54.15,0.03,19,102843,买盘
10:39:12,54.15,0.0,12,64970,买盘
10:39:15,54.15,0.0,18,97466,买盘
10:39:18,54.15,0.0,6,32495,中性盘
10:39:21,54.16,0.01,12,64975,买盘
10:39:24,54.15,-0.01,31,167828,卖盘
10:39:27,54.15,0.0,33,178726,买盘
10:39:31,54.16,0.01,282,1526391,买盘
10:39:33,54.16,0.0,18,97480,买盘
10:39:37,54.14,-0.02,28,151630,卖盘
10:39:39,54.15,0.01,32,173306,买盘
10:39:43,54.14,-0.01,34,184097,卖盘
10:39:45,54.13,-0.01,6,32484,中性盘
10:39:48,54.14,0.01,5,27066,买盘
10:39:52,54.13,-0.01,20,108271,卖盘
10:39:55,54.14,0.01,13,70376,买盘
10:39:58,54.14,0.0,2,10828,买盘
10:40:01,54.14,0.0,15,81210,买盘
10:40:04,54.13,-0.01,11,59816,卖盘
10:40:07,54.13,0.0,52,281476,卖盘
10:40:10,54.13,0.0,49,264979,卖盘
10:40:12,54.13,0.0,17,92018,买盘
10:40:16,54.13,0.0,10,54127,买盘
10:40:19,54.14,0.01,21,113947,买盘
10:40:22,54.12,-0.02,87,470980,卖盘
10:40:24,54.14,0.02,8,43312,买盘
10:40:27,54.15,0.01,46,249084,买盘
10:40:31,54.16,0.01,4,21664,买盘
10:40:34,54.16,0.0,15,81229,买盘
10:40:37,54.16,0.0,4,21664,买盘
10:40:42,54.16,0.0,4,21664,卖盘
10:40:45,54.17,0.01,68,368356,买盘
10:40:49,54.17,0.0,147,796353,卖盘
10:40:52,54.18,0.01,14,75846,买盘
10:40:55,54.17,-0.01,68,368404,卖盘
10:40:58,54.18,0.01,15,81268,买盘
10:41:01,54.18,0.0,5,27094,卖盘
10:41:04,54.19,0.01,83,449749,买盘
10:41:07,54.19,0.0,57,308870,买盘
10:41:09,54.19,0.0,52,281815,买盘
10:41:13,54.18,-0.01,114,617715,卖盘
10:41:16,54.19,0.01,24,130056,中性盘
10:41:18,54.19,0.0,33,178812,买盘
10:41:21,54.19,0.0,56,303460,买盘
10:41:25,54.19,0.0,17,92121,买盘
10:41:28,54.19,0.0,34,184230,买盘
10:41:30,54.19,0.0,110,596089,买盘
10:41:34,54.18,-0.01,169,915646,卖盘
10:41:36,54.18,0.0,171,926476,买盘
10:41:39,54.18,0.0,89,482202,买盘
10:41:43,54.18,0.0,81,438784,买盘
10:41:46,54.18,0.0,34,184208,买盘
10:41:49,54.18,0.0,97,525546,买盘
10:41:52,54.18,0.0,10,54180,买盘
10:41:55,54.18,0.0,364,1972152,买盘
10:41:58,54.18,0.0,1,5418,卖盘
10:42:01,54.19,0.01,4,21676,买盘
10:42:04,54.19,0.0,528,2861637,买盘
10:42:06,54.19,0.0,33,178849,卖盘
10:42:09,54.19,0.0,44,238456,卖盘
10:42:12,54.19,0.0,97,525630,卖盘
10:42:15,54.18,-0.01,352,1910227,卖盘
10:42:19,54.19,0.01,18,97563,中性盘
10:42:21,54.19,0.0,76,411831,卖盘
10:42:25,54.19,0.0,110,596025,买盘
10:42:27,54.19,0.0,65,352222,买盘
10:42:31,54.21,0.02,44,238487,买盘
10:42:34,54.21,0.0,75,406585,卖盘
10:42:37,54.22,0.01,1,5422,中性盘
10:42:39,54.22,0.0,2,10844,买盘
10:42:43,54.23,0.01,41,222305,买盘
10:42:45,54.21,-0.02,14,75909,卖盘
10:42:49,54.22,0.01,6,32538,中性盘
10:42:51,54.22,0.0,17,92180,卖盘
10:42:54,54.23,0.01,10,54230,买盘
10:42:57,54.24,0.01,43,233231,买盘
10:43:01,54.2,-0.04,469,2542526,卖盘
10:43:04,54.2,0.0,35,189700,买盘
10:43:07,54.24,0.04,10,54240,卖盘
10:43:09,54.2,-0.04,174,943568,卖盘
10:43:12,54.2,0.0,28,151760,买盘
10:43:15,54.2,0.0,142,769636,买盘
10:43:18,54.2,0.0,20,108390,买盘
10:43:22,54.2,0.0,38,205960,买盘
10:43:24,54.2,0.0,173,937660,买盘
10:43:28,54.23,0.03,24,130092,买盘
10:43:30,54.2,-0.03,284,1539296,卖盘
10:43:34,54.2,0.0,10,54200,买盘
10:43:37,54.2,0.0,2,10840,买盘
10:43:40,54.2,0.0,1,5420,买盘
10:43:42,54.2,0.0,218,1181560,买盘
10:43:45,54.19,-0.01,230,1246565,卖盘
10:43:48,54.21,0.02,57,308994,买盘
10:43:51,54.22,0.01,13,70466,买盘
10:43:54,54.22,0.0,2,10844,买盘
10:44:00,54.23,0.01,18,97594,买盘
10:44:04,54.22,-0.01,3,16267,买盘
10:44:06,54.22,0.0,3,16266,卖盘
10:44:09,54.23,0.01,18,97599,买盘
10:44:13,54.22,-0.01,6,32532,卖盘
10:44:15,54.22,0.0,19,103024,卖盘
10:44:18,54.23,0.01,27,146402,买盘
10:44:21,54.22,-0.01,11,59757,卖盘
10:44:24,54.22,0.0,41,222322,卖盘
10:44:28,54.2,-0.02,675,3658936,卖盘
10:44:31,54.22,0.02,76,412033,买盘
10:44:33,54.22,0.0,20,108450,卖盘
10:44:39,54.22,0.0,56,303632,买盘
10:44:42,54.2,-0.02,15,81308,卖盘
10:44:46,54.21,0.01,22,119264,中性盘
10:44:48,54.2,-0.01,102,552845,卖盘
10:44:51,54.21,0.01,43,233091,中性盘
10:44:55,54.2,-0.01,267,1447109,卖盘
10:44:57,54.2,0.0,18,97560,买盘
10:45:00,54.2,0.0,122,661170,买盘
10:45:04,54.19,-0.01,5,27097,中性盘
10:45:06,54.18,-0.01,103,558054,卖盘
10:45:09,54.18,0.0,75,406350,卖盘
10:45:12,54.18,0.0,22,114482,卖盘
10:45:16,54.18,0.0,14,75854,卖盘
10:45:18,54.18,0.0,26,140873,卖盘
10:45:21,54.18,0.0,56,303408,卖盘
10:45:24,54.18,0.0,28,151719,卖盘
10:45:27,54.18,0.0,70,379265,卖盘
10:45:30,54.18,0.0,29,161840,卖盘
10:45:34,54.17,-0.01,25,135429,卖盘
10:45:36,54.17,0.0,3,16252,卖盘
10:45:39,54.18,0.01,17,92100,买盘
10:45:43,54.17,-0.01,1,5417,卖盘
10:45:46,54.17,0.0,15,81255,卖盘
10:45:49,54.17,0.0,11,59591,卖盘
10:45:54,54.17,0.0,24,130008,卖盘
10:45:58,54.17,0.0,26,140852,卖盘
10:46:01,54.18,0.01,39,211278,买盘
10:46:04,54.17,-0.01,9,48753,卖盘
10:46:07,54.18,0.01,348,1880515,买盘
10:46:10,54.17,-0.01,106,574266,卖盘
10:46:12,54.18,0.01,205,1110365,买盘
10:46:16,54.17,-0.01,70,379020,中性盘
10:46:18,54.15,-0.02,24,129994,中性盘
10:46:21,54.17,0.02,26,140784,买盘
10:46:24,54.13,-0.04,19,102876,卖盘
10:46:27,54.13,0.0,65,351957,卖盘
10:46:30,54.15,0.02,87,475555,买盘
10:46:34,54.15,0.0,44,238160,买盘
10:46:37,54.15,0.0,28,147481,买盘
10:46:40,54.13,-0.02,20,108270,中性盘
10:46:43,54.13,0.0,73,395217,买盘
10:46:45,54.14,0.01,74,401560,中性盘
10:46:49,54.12,-0.02,32,173193,卖盘
10:46:51,54.13,0.01,10,54127,中性盘
10:46:54,54.12,-0.01,17,92007,卖盘
10:46:57,54.11,-0.01,55,297693,卖盘
10:47:00,54.11,0.0,35,189428,卖盘
10:47:04,54.11,0.0,26,140696,卖盘
10:47:06,54.12,0.01,12,64943,买盘
10:47:09,54.12,0.0,75,405829,买盘
10:47:13,54.11,-0.01,57,308459,卖盘
10:47:15,54.1,-0.01,38,208959,卖盘
10:47:19,54.12,0.02,95,510725,买盘
10:47:22,54.11,-0.01,143,773782,卖盘
10:47:25,54.13,0.02,13,70362,买盘
10:47:28,54.11,-0.02,32,173154,卖盘
10:47:30,54.12,0.01,27,146121,买盘
10:47:34,54.12,0.0,17,92015,卖盘
10:47:36,54.11,-0.01,140,757545,卖盘
10:47:40,54.13,0.02,8,43302,买盘
10:47:42,54.13,0.0,36,194806,买盘
10:47:45,54.12,-0.01,9,48706,中性盘
10:47:48,54.13,0.01,21,113644,买盘
10:47:52,54.12,-0.01,11,59532,卖盘
10:47:58,54.13,0.01,37,200275,买盘
10:48:00,54.18,0.05,5,27083,买盘
10:48:04,54.13,-0.05,28,151580,卖盘
10:48:07,54.17,0.04,7,37904,中性盘
10:48:10,54.17,0.0,8,43336,买盘
10:48:13,54.15,-0.02,24,129993,卖盘
10:48:15,54.13,-0.02,5,27065,卖盘
10:48:18,54.16,0.03,13,70389,买盘
10:48:22,54.16,0.0,2,10832,买盘
10:48:24,54.16,0.0,16,86652,卖盘
10:48:28,54.16,0.0,16,86656,买盘
10:48:31,54.16,0.0,8,43053,买盘
10:48:33,54.16,0.0,31,167876,买盘
10:48:37,54.16,0.0,23,124569,卖盘
10:48:39,54.14,-0.02,32,173553,卖盘
10:48:42,54.14,0.0,66,357324,买盘
10:48:45,54.13,-0.01,46,249019,卖盘
10:48:49,54.14,0.01,3,16242,买盘
10:48:52,54.13,-0.01,53,286899,卖盘
10:48:55,54.12,-0.01,52,281460,卖盘
10:48:57,54.12,0.0,31,167792,卖盘
10:49:00,54.12,0.0,29,156952,卖盘
10:49:04,54.13,0.01,28,151771,买盘
10:49:06,54.12,-0.01,31,167557,卖盘
10:49:09,54.11,-0.01,18,97404,卖盘
10:49:13,54.11,0.0,68,368214,卖盘
10:49:15,54.11,0.0,62,335495,卖盘
10:49:18,54.13,0.02,58,313847,买盘
10:49:21,54.11,-0.02,31,167759,卖盘
10:49:24,54.12,0.01,34,184008,买盘
10:49:27,54.12,0.0,144,779208,买盘
10:49:31,54.12,0.0,29,156948,买盘
10:49:34,54.12,0.0,64,346336,买盘
10:49:37,54.11,-0.01,69,373414,卖盘
10:49:39,54.12,0.01,13,70356,卖盘
10:49:42,54.12,0.0,6,32472,卖盘
10:49:45,54.13,0.01,20,108247,买盘
10:49:48,54.13,0.0,12,64951,买盘
10:49:52,54.12,-0.01,29,156948,卖盘
10:49:55,54.11,-0.01,120,649456,卖盘
10:49:58,54.12,0.01,40,216488,买盘
10:50:00,54.11,-0.01,79,427544,卖盘
10:50:04,54.11,0.0,30,162336,卖盘
10:50:07,54.11,0.0,10,54115,卖盘
10:50:09,54.12,0.01,14,75768,买盘
10:50:13,54.12,0.0,19,102824,买盘
10:50:15,54.11,-0.01,35,189404,卖盘
10:50:18,54.12,0.01,342,1850487,买盘
10:50:21,54.1,-0.02,88,476120,卖盘
10:50:25,54.12,0.02,18,97399,买盘
10:50:27,54.11,-0.01,31,167724,中性盘
10:50:30,54.1,-0.01,83,449114,卖盘
10:50:33,54.11,0.01,35,189389,中性盘
10:50:37,54.1,-0.01,23,124430,卖盘
10:50:40,54.11,0.01,7,37878,卖盘
10:50:43,54.1,-0.01,5,27052,卖盘
10:50:46,54.11,0.01,352,1904382,卖盘
10:50:48,54.11,0.0,57,308434,卖盘
10:50:51,54.11,0.0,82,443629,买盘
10:50:55,54.11,0.0,47,254303,买盘
10:50:57,54.1,-0.01,85,459910,卖盘
10:51:01,54.1,0.0,124,670943,卖盘
10:51:04,54.1,0.0,86,465327,卖盘
10:51:07,54.11,0.01,51,275917,买盘
10:51:10,54.1,-0.01,18,97384,卖盘
10:51:12,54.11,0.01,6,32466,卖盘
10:51:15,54.11,0.0,20,108220,卖盘
10:51:18,54.11,0.0,21,113632,卖盘
10:51:21,54.11,0.0,71,384188,卖盘
10:51:25,54.11,0.0,49,265151,卖盘
10:51:27,54.11,0.0,45,243495,卖盘
10:51:31,54.1,-0.01,466,2521484,卖盘
10:51:33,54.1,0.0,122,660054,卖盘
10:51:36,54.11,0.01,2,10823,中性盘
10:51:39,54.11,0.0,64,346308,卖盘
10:51:43,54.11,0.0,18,97392,买盘
10:51:46,54.11,0.0,63,340878,买盘
10:51:48,54.11,0.0,43,232678,买盘
10:51:51,54.13,0.02,273,1478709,买盘
10:51:55,54.13,0.0,83,449279,卖盘
10:51:58,54.15,0.02,84,454824,买盘
10:52:01,54.13,-0.02,48,259598,卖盘
10:52:05,54.13,0.0,32,173261,卖盘
10:52:07,54.15,0.02,21,113715,中性盘
10:52:10,54.13,-0.02,30,162446,卖盘
10:52:13,54.13,0.0,7,37899,卖盘
10:52:15,54.13,0.0,54,292322,卖盘
10:52:19,54.15,0.02,32,173225,买盘
10:52:22,54.14,-0.01,129,698235,中性盘
10:52:24,54.14,0.0,3,16242,卖盘
10:52:28,54.13,-0.01,67,362702,卖盘
10:52:30,54.15,0.02,66,357293,买盘
10:52:33,54.13,-0.02,87,470933,卖盘
10:52:36,54.14,0.01,20,108272,卖盘
10:52:40,54.14,0.0,27,146161,卖盘
10:52:43,54.14,0.0,13,70391,卖盘
10:52:45,54.14,0.0,21,113708,卖盘
10:52:49,54.15,0.01,50,270705,买盘
10:52:51,54.14,-0.01,39,211148,卖盘
10:52:54,54.15,0.01,30,162432,买盘
10:52:58,54.14,-0.01,36,194895,卖盘
10:53:01,54.14,0.0,46,249007,买盘
10:53:04,54.14,0.0,47,254443,买盘
10:53:07,54.15,0.01,362,1959988,买盘
10:53:10,54.15,0.0,84,454860,卖盘
10:53:13,54.15,0.0,2,10830,卖盘
10:53:15,54.15,0.0,136,736277,卖盘
10:53:18,54.12,-0.03,54,292308,卖盘
10:53:22,54.14,0.02,41,221897,买盘
10:53:25,54.11,-0.03,27,146127,卖盘
10:53:27,54.12,0.01,4,21648,中性盘
10:53:30,54.14,0.02,59,319465,买盘
10:53:34,54.15,0.01,28,151576,买盘
10:53:37,54.14,-0.01,5,27070,中性盘
10:53:39,54.14,0.0,27,146161,卖盘
10:53:43,54.13,-0.01,5,27068,卖盘
10:53:45,54.14,0.01,13,70851,买盘
10:53:49,54.12,-0.02,5,27063,卖盘
10:53:54,54.12,0.0,50,270600,卖盘
10:53:58,54.13,0.01,27,147262,买盘
10:54:00,54.11,-0.02,8,43301,卖盘
10:54:04,54.13,0.02,15,81187,买盘
10:54:06,54.12,-0.01,33,178614,中性盘
10:54:10,54.12,0.0,68,367966,买盘
10:54:13,54.11,-0.01,27,146101,卖盘
10:54:15,54.11,0.0,37,200208,卖盘
10:54:19,54.12,0.01,2,10823,买盘
10:54:21,54.11,-0.01,133,719672,卖盘
10:54:24,54.11,0.0,54,292201,卖盘
10:54:28,54.11,0.0,10,54111,卖盘
10:54:31,54.12,0.01,10,54116,买盘
10:54:33,54.11,-0.01,6,32466,卖盘
10:54:36,54.11,0.0,85,459973,卖盘
10:54:39,54.1,-0.01,23,121967,卖盘
10:54:43,54.1,0.0,32,173130,卖盘
10:54:45,54.1,0.0,46,248923,卖盘
10:54:48,54.11,0.01,47,254286,买盘
10:54:52,54.1,-0.01,94,508566,卖盘
10:54:55,54.1,0.0,96,519405,卖盘
10:54:57,54.11,0.01,52,281324,买盘
10:55:00,54.1,-0.01,349,1888102,卖盘
10:55:04,54.09,-0.01,273,1480015,卖盘
10:55:07,54.08,-0.01,423,2287996,卖盘
10:55:09,54.08,0.0,104,562455,卖盘
10:55:12,54.1,0.02,122,659800,买盘
10:55:16,54.07,-0.03,287,1551954,卖盘
10:55:19,54.07,0.0,122,659672,卖盘
10:55:22,54.07,0.0,77,416350,卖盘
10:55:24,54.07,0.0,72,389304,卖盘
10:55:27,54.06,-0.01,137,740640,卖盘
10:55:31,54.06,0.0,120,648838,卖盘
10:55:33,54.06,0.0,134,724433,卖盘
10:55:37,54.07,0.01,227,1227145,中性盘
10:55:40,54.04,-0.03,456,2464693,卖盘
10:55:43,54.05,0.01,88,475566,买盘
10:55:45,54.04,-0.01,148,799805,卖盘
10:55:49,54.05,0.01,34,183743,买盘
10:55:51,54.05,0.0,53,286421,买盘
10:55:54,54.03,-0.02,102,547413,卖盘
10:55:58,54.03,0.0,45,243139,卖盘
10:56:00,54.04,0.01,27,145895,买盘
10:56:04,54.03,-0.01,62,335031,卖盘
10:56:07,54.04,0.01,74,399831,买盘
10:56:10,54.03,-0.01,51,275574,卖盘
10:56:12,54.04,0.01,169,913268,买盘
10:56:16,54.03,-0.01,283,1529916,卖盘
10:56:18,54.04,0.01,40,216140,买盘
10:56:21,54.04,0.0,73,394462,卖盘
10:56:25,54.04,0.0,19,102674,卖盘
10:56:27,54.04,0.0,29,156709,卖盘
10:56:31,54.04,0.0,23,124303,卖盘
10:56:34,54.04,0.0,16,86452,买盘
10:56:36,54.04,0.0,54,291806,买盘
10:56:39,54.03,-0.01,533,2880598,卖盘
10:56:42,54.03,0.0,90,486277,卖盘
10:56:45,54.03,0.0,181,977917,卖盘
10:56:49,54.02,-0.01,69,372759,卖盘
10:56:52,54.02,0.0,11,59426,卖盘
10:56:55,54.03,0.01,154,832017,买盘
10:56:57,54.02,-0.01,55,297150,卖盘
10:57:01,54.03,0.01,15,81050,中性盘
10:57:05,54.03,0.0,13,70240,卖盘
10:57:07,54.03,0.0,15,81045,卖盘
10:57:10,54.03,0.0,148,800532,卖盘
10:57:13,54.03,0.0,25,135086,卖盘
10:57:15,54.03,0.0,37,199910,卖盘
10:57:18,54.04,0.01,3,16212,买盘
10:57:21,54.05,0.01,43,232369,买盘
10:57:25,54.05,0.0,6,32426,买盘
10:57:28,54.04,-0.01,17,91870,卖盘
10:57:31,54.04,0.0,95,513448,卖盘
10:57:33,54.03,-0.01,140,756593,卖盘
10:57:37,54.03,0.0,47,253993,卖盘
10:57:39,54.05,0.02,14,75644,买盘
10:57:42,54.04,-0.01,24,129673,中性盘
10:57:46,54.03,-0.01,32,172906,卖盘
10:57:49,54.05,0.02,1,5405,买盘
10:57:52,54.05,0.0,23,124299,买盘
10:57:55,54.05,0.0,16,86475,买盘
10:57:58,54.05,0.0,90,486447,买盘
10:58:01,54.05,0.0,7,37835,买盘
10:58:05,54.05,0.0,52,281896,买盘
10:58:07,54.05,0.0,9,48645,卖盘
10:58:09,54.08,0.03,14,75663,买盘
10:58:13,54.05,-0.03,21,113504,卖盘
10:58:16,54.05,0.0,10,54059,卖盘
10:58:19,54.05,0.0,25,135125,卖盘
10:58:21,54.05,0.0,23,124302,买盘
10:58:25,54.04,-0.01,22,118913,卖盘
10:58:28,54.05,0.01,18,97285,买盘
10:58:30,54.07,0.02,28,151385,买盘
10:58:34,54.05,-0.02,11,59461,卖盘
10:58:36,54.05,0.0,2,10810,卖盘
10:58:39,54.07,0.02,7,37839,买盘
10:58:42,54.05,-0.02,25,135135,卖盘
10:58:45,54.04,-0.01,120,648543,卖盘
10:58:49,54.03,-0.01,47,253757,卖盘
10:58:52,54.04,0.01,1,5404,中性盘
10:58:54,54.06,0.02,24,129757,买盘
10:58:58,54.04,-0.02,4,21619,卖盘
10:59:00,54.04,0.0,82,443186,卖盘
10:59:04,54.03,-0.01,16,86455,卖盘
10:59:07,54.04,0.01,28,151294,买盘
10:59:10,54.04,0.0,95,513307,买盘
10:59:12,54.03,-0.01,37,199918,卖盘
10:59:16,54.04,0.01,24,129687,买盘
10:59:18,54.04,0.0,18,97266,买盘
10:59:22,54.04,0.0,7,37828,卖盘
10:59:25,54.04,0.0,16,86474,卖盘
10:59:28,54.04,0.0,3,16214,卖盘
10:59:31,54.04,0.0,26,140536,卖盘
10:59:33,54.04,0.0,3,16214,卖盘
10:59:36,54.04,0.0,192,1037522,卖盘
10:59:39,54.03,-0.01,59,316382,卖盘
10:59:42,54.04,0.01,14,75658,买盘
10:59:45,54.03,-0.01,20,108065,卖盘
10:59:49,54.04,0.01,9,48635,买盘
10:59:52,54.03,-0.01,10,54039,卖盘
10:59:55,54.05,0.02,17,91875,买盘
10:59:57,54.03,-0.02,20,108073,卖盘
11:00:00,54.04,0.01,39,210761,买盘
11:00:05,54.03,-0.01,15,81052,卖盘
11:00:07,54.04,0.01,27,145903,卖盘
11:00:10,54.05,0.01,2,10809,买盘
11:00:12,54.04,-0.01,12,64857,卖盘
11:00:15,54.04,0.0,23,124295,卖盘
11:00:19,54.05,0.01,2,10809,买盘
11:00:21,54.04,-0.01,67,362078,卖盘
11:00:24,54.04,0.0,26,140526,卖盘
11:00:27,54.04,0.0,67,362090,卖盘
11:00:31,54.04,0.0,12,64862,卖盘
11:00:34,54.04,0.0,37,199961,卖盘
11:00:36,54.05,0.01,57,308032,卖盘
11:00:39,54.05,0.0,47,254000,中性盘
11:00:42,54.05,0.0,37,199951,买盘
11:00:45,54.04,-0.01,38,205350,卖盘
11:00:48,54.04,0.0,19,102666,买盘
11:00:51,54.04,0.0,5,27021,买盘
11:00:54,54.05,0.01,31,167528,卖盘
11:00:58,54.05,0.0,37,199978,卖盘
11:01:01,54.04,-0.01,54,291831,卖盘
11:01:04,54.06,0.02,48,263674,买盘
11:01:06,54.06,0.0,11,59469,卖盘
11:01:10,54.05,-0.01,26,140550,卖盘
11:01:12,54.06,0.01,27,145931,中性盘
11:01:15,54.07,0.01,19,102714,买盘
11:01:19,54.05,-0.02,35,189138,中性盘
11:01:21,54.04,-0.01,36,194570,卖盘
11:01:25,54.04,0.0,91,491846,卖盘
11:01:28,54.05,0.01,57,308034,买盘
11:01:30,54.03,-0.02,67,362045,卖盘
11:01:33,54.04,0.01,218,1177935,买盘
11:01:36,54.03,-0.01,114,615958,卖盘
11:01:40,54.06,0.03,245,1324231,买盘
11:01:43,54.06,0.0,14,75684,卖盘
11:01:46,54.06,0.0,65,351390,卖盘
11:01:48,54.05,-0.01,21,113525,卖盘
11:01:51,54.06,0.01,34,183795,中性盘
11:01:54,54.04,-0.02,2,10809,卖盘
11:01:58,54.04,0.0,42,226970,卖盘
11:02:00,54.04,0.0,19,102680,卖盘
11:02:05,54.04,0.0,51,275616,卖盘
11:02:07,54.05,0.01,20,108097,买盘
11:02:10,54.05,0.0,313,1691786,买盘
11:02:12,54.05,0.0,11,59455,卖盘
11:02:16,54.04,-0.01,98,529624,卖盘
11:02:19,54.06,0.02,22,118905,买盘
11:02:21,54.04,-0.02,37,199951,卖盘
11:02:24,54.05,0.01,8,43246,中性盘
11:02:28,54.06,0.01,26,140535,买盘
11:02:30,54.04,-0.02,199,1075350,卖盘
11:02:33,54.03,-0.01,45,243157,卖盘
11:02:37,54.04,0.01,45,243152,买盘
11:02:40,54.04,0.0,90,486283,买盘
11:02:43,54.04,0.0,52,281035,买盘
11:02:46,54.06,0.02,77,416262,买盘
11:02:48,54.06,0.0,76,410856,卖盘
11:02:52,54.06,0.0,56,302754,卖盘
11:02:55,54.07,0.01,26,140564,买盘
11:02:57,54.05,-0.02,19,102707,卖盘
11:03:01,54.04,-0.01,14,70914,卖盘
11:03:04,54.05,0.01,42,227050,中性盘
11:03:06,54.06,0.01,10,54058,买盘
11:03:10,54.04,-0.02,64,345881,卖盘
11:03:12,54.06,0.02,21,113511,买盘
11:03:15,54.05,-0.01,20,108105,中性盘
11:03:18,54.06,0.01,107,578366,买盘
11:03:21,54.05,-0.01,61,329741,买盘
11:03:24,54.04,-0.01,44,237791,卖盘
11:03:27,54.05,0.01,14,75670,中性盘
11:03:30,54.06,0.01,90,486515,买盘
11:03:33,54.06,0.0,5,27030,买盘
11:03:36,54.06,0.0,31,167586,卖盘
11:03:39,54.07,0.01,2,10814,买盘
11:03:42,54.06,-0.01,12,64872,卖盘
11:03:45,54.05,-0.01,11,59460,卖盘
11:03:49,54.06,0.01,54,291924,买盘
11:03:51,54.06,0.0,131,708186,卖盘
11:03:55,54.06,0.0,5,27030,卖盘
11:03:57,54.07,0.01,37,200030,买盘
11:04:01,54.07,0.0,10,54065,买盘
11:04:04,54.06,-0.01,49,264929,卖盘
11:04:07,54.07,0.01,52,281158,买盘
11:04:09,54.07,0.0,42,227069,买盘
11:04:12,54.07,0.0,31,167611,买盘
11:04:15,54.06,-0.01,124,670395,卖盘
11:04:19,54.06,0.0,50,270307,卖盘
11:04:25,54.08,0.02,8,43262,买盘
11:04:27,54.08,0.0,30,162190,买盘
11:04:31,54.06,-0.02,11,59479,卖盘
11:04:34,54.08,0.02,17,91925,买盘
11:04:36,54.07,-0.01,11,59480,卖盘
11:04:39,54.08,0.01,3,16222,买盘
11:04:46,54.07,-0.01,21,113564,卖盘
11:04:48,54.07,0.0,32,173048,卖盘
11:04:51,54.07,0.0,319,1725140,卖盘
11:04:54,54.08,0.01,236,1276283,买盘
11:04:58,54.08,0.0,47,254176,卖盘
11:05:00,54.08,0.0,8,43268,卖盘
11:05:05,54.09,0.01,2,10818,买盘
11:05:07,54.09,0.0,25,135223,买盘
11:05:10,54.08,-0.01,19,102758,卖盘
11:05:12,54.09,0.01,55,297464,买盘
11:05:16,54.08,-0.01,138,746472,卖盘
11:05:19,54.08,0.0,16,86533,卖盘
11:05:21,54.08,0.0,17,91936,卖盘
11:05:25,54.09,0.01,9,48686,卖盘
11:05:27,54.1,0.01,21,113590,买盘
11:05:31,54.09,-0.01,12,64914,卖盘
11:05:33,54.09,0.0,10,54090,卖盘
11:05:36,54.1,0.01,33,178530,买盘
11:05:40,54.09,-0.01,76,413429,卖盘
11:05:43,54.09,0.0,10,54090,卖盘
11:05:45,54.1,0.01,47,254253,买盘
11:05:48,54.09,-0.01,21,113599,卖盘
11:05:52,54.09,0.0,14,75728,卖盘
11:05:54,54.09,0.0,17,91956,卖盘
11:05:58,54.09,0.0,33,178541,卖盘
11:06:00,54.12,0.03,161,871136,买盘
11:06:04,54.1,-0.02,19,102816,卖盘
11:06:06,54.11,0.01,70,378694,中性盘
11:06:09,54.09,-0.02,16,86560,卖盘
11:06:12,54.09,0.0,15,81157,卖盘
11:06:19,54.11,0.02,5,27055,卖盘
11:06:21,54.13,0.02,32,173172,买盘
11:06:24,54.11,-0.02,6,32476,中性盘
11:06:27,54.11,0.0,20,108207,卖盘
11:06:31,54.13,0.02,12,64952,买盘
11:06:34,54.11,-0.02,31,167757,卖盘
11:06:37,54.1,-0.01,24,129845,卖盘
11:06:39,54.11,0.01,20,108206,买盘
11:06:43,54.11,0.0,7,37872,买盘
11:06:46,54.1,-0.01,8,43280,卖盘
11:06:48,54.1,0.0,43,232660,卖盘
11:06:51,54.11,0.01,119,643889,买盘
11:06:55,54.11,0.0,49,265139,买盘
11:06:58,54.11,0.0,99,535639,卖盘
11:07:00,54.1,-0.01,39,211022,卖盘
11:07:04,54.11,0.01,5,27055,中性盘
11:07:07,54.11,0.0,21,113631,中性盘
11:07:10,54.11,0.0,6,32471,卖盘
11:07:12,54.11,0.0,48,259750,卖盘
11:07:15,54.11,0.0,28,151521,卖盘
11:07:18,54.12,0.01,29,156926,买盘
11:07:22,54.1,-0.02,113,611383,卖盘
11:07:24,54.1,0.0,36,194772,卖盘
11:07:27,54.11,0.01,51,275931,买盘
11:07:30,54.12,0.01,24,129883,买盘
11:07:33,54.1,-0.02,32,173123,卖盘
11:07:36,54.11,0.01,6,32466,卖盘
11:07:40,54.12,0.01,47,254283,买盘
11:07:42,54.13,0.01,32,173169,买盘
11:07:45,54.12,-0.01,14,75751,卖盘
11:07:49,54.12,0.0,12,64944,卖盘
11:07:52,54.12,0.0,34,184014,卖盘
11:07:55,54.12,0.0,8,43296,卖盘
11:07:57,54.11,-0.01,28,151527,卖盘
11:08:01,54.11,0.0,11,59519,买盘
11:08:04,54.11,0.0,25,135272,卖盘
11:08:07,54.13,0.02,109,589889,买盘
11:08:10,54.11,-0.02,29,156946,卖盘
11:08:13,54.1,-0.01,46,248887,卖盘
11:08:16,54.11,0.01,13,70352,中性盘
11:08:18,54.1,-0.01,23,124436,卖盘
11:08:21,54.1,0.0,24,129845,卖盘
11:08:24,54.1,0.0,36,194770,卖盘
11:08:27,54.1,0.0,14,75746,卖盘
11:08:31,54.12,0.02,5,27060,买盘
11:08:34,54.11,-0.01,33,178541,卖盘
11:08:37,54.12,0.01,1,5412,买盘
11:08:39,54.12,0.0,23,124465,买盘
11:08:43,54.12,0.0,53,286820,卖盘
11:08:45,54.11,-0.01,32,173156,卖盘
11:08:48,54.12,0.01,46,248938,买盘
11:08:52,54.12,0.0,20,108240,卖盘
11:08:54,54.12,0.0,19,102828,卖盘
11:08:58,54.12,0.0,12,64947,卖盘
11:09:01,54.15,0.03,324,1754172,买盘
11:09:04,54.13,-0.02,13,70357,中性盘
11:09:06,54.15,0.02,89,481699,买盘
11:09:09,54.12,-0.03,35,189482,卖盘
11:09:12,54.15,0.03,24,129951,买盘
11:09:16,54.13,-0.02,19,102868,卖盘
11:09:18,54.13,0.0,8,43312,卖盘
11:09:21,54.15,0.02,30,162424,买盘
11:09:24,54.13,-0.02,5,27065,卖盘
11:09:27,54.15,0.02,25,135330,买盘
11:09:31,54.15,0.0,15,81209,买盘
11:09:34,54.14,-0.01,7,37892,中性盘
11:09:36,54.13,-0.01,129,698275,买盘
11:09:39,54.15,0.02,62,335627,买盘
11:09:42,54.13,-0.02,24,129916,卖盘
11:09:46,54.15,0.02,20,108276,买盘
11:09:49,54.13,-0.02,11,59547,卖盘
11:09:52,54.13,0.0,13,70370,卖盘
11:09:54,54.14,0.01,15,81199,买盘
11:09:57,54.14,0.0,6,32485,中性盘
11:10:01,54.13,-0.01,207,1120552,卖盘
11:10:04,54.13,0.0,59,319400,卖盘
11:10:06,54.14,0.01,3,16243,中性盘
11:10:10,54.13,-0.01,50,270666,卖盘
11:10:12,54.13,0.0,25,135342,卖盘
11:10:16,54.13,0.0,18,97434,卖盘
11:10:19,54.13,0.0,27,146151,卖盘
11:10:21,54.14,0.01,10,54140,买盘
11:10:24,54.14,0.0,25,135332,买盘
11:10:27,54.14,0.0,8,43317,卖盘
11:10:31,54.15,0.01,10,54142,买盘
11:10:33,54.13,-0.02,14,75787,卖盘
11:10:36,54.15,0.02,45,243651,买盘
11:10:40,54.15,0.0,25,135377,卖盘
11:10:42,54.15,0.0,7,37907,卖盘
11:10:45,54.15,0.0,10,54143,卖盘
11:10:48,54.16,0.01,18,97482,买盘
11:10:51,54.14,-0.02,19,102879,卖盘
11:10:55,54.14,0.0,9,48726,卖盘
11:10:57,54.13,-0.01,31,167820,卖盘
11:11:00,54.14,0.01,23,124525,中性盘
11:11:04,54.14,0.0,6,32487,中性盘
11:11:06,54.17,0.03,33,178678,买盘
11:11:09,54.14,-0.03,11,59555,卖盘
11:11:13,54.14,0.0,19,102852,买盘
11:11:16,54.13,-0.01,68,368113,卖盘
11:11:19,54.14,0.01,43,232806,中性盘
11:11:21,54.14,0.0,4,21656,卖盘
11:11:24,54.16,0.02,10,54148,买盘
11:11:27,54.14,-0.02,28,151606,卖盘
11:11:30,54.16,0.02,35,189500,买盘
11:11:33,54.13,-0.03,55,297760,卖盘
11:11:37,54.13,0.0,15,81195,卖盘
11:11:39,54.13,0.0,16,86610,卖盘
11:11:42,54.14,0.01,62,335630,卖盘
11:11:45,54.13,-0.01,121,654983,卖盘
11:11:49,54.13,0.0,74,400568,卖盘
11:11:51,54.14,0.01,34,184050,中性盘
11:11:54,54.13,-0.01,113,611681,卖盘
11:11:57,54.13,0.0,66,357262,卖盘
11:12:01,54.13,0.0,72,389755,卖盘
11:12:04,54.13,0.0,82,443895,卖盘
11:12:07,54.14,0.01,26,140753,买盘
11:12:09,54.14,0.0,47,254427,买盘
11:12:13,54.1,-0.04,99,535667,卖盘
11:12:15,54.1,0.0,39,210992,卖盘
11:12:18,54.1,0.0,27,146070,卖盘
11:12:22,54.1,0.0,19,102791,卖盘
11:12:24,54.1,0.0,18,97388,卖盘
11:12:27,54.1,0.0,94,508546,卖盘
11:12:31,54.1,0.0,41,221823,卖盘
11:12:33,54.11,0.01,35,189385,中性盘
11:12:36,54.12,0.01,21,113652,买盘
11:12:39,54.12,0.0,27,146094,买盘
11:12:43,54.1,-0.02,13,70342,卖盘
11:12:45,54.11,0.01,46,248908,中性盘
11:12:48,54.1,-0.01,30,162301,卖盘
11:12:52,54.1,0.0,16,86565,卖盘
11:12:55,54.1,0.0,36,194767,卖盘
11:12:57,54.09,-0.01,72,389477,卖盘
11:13:00,54.09,0.0,128,692361,卖盘
11:13:04,54.09,0.0,90,486826,卖盘
11:13:06,54.1,0.01,18,97368,买盘
11:13:10,54.1,0.0,41,221804,卖盘
11:13:12,54.09,-0.01,146,789659,卖盘
11:13:15,54.08,-0.01,94,508423,卖盘
11:13:18,54.08,0.0,40,216336,卖盘
11:13:21,54.08,0.0,55,297457,卖盘
11:13:24,54.09,0.01,173,935757,买盘
11:13:27,54.09,0.0,64,346180,卖盘
11:13:30,54.08,-0.01,16,86546,卖盘
11:13:33,54.09,0.01,22,119011,中性盘
11:13:36,54.09,0.0,14,75734,卖盘
11:13:39,54.1,0.01,50,270509,买盘
11:13:42,54.1,0.0,38,205584,卖盘
11:13:46,54.1,0.0,17,91970,卖盘
11:13:48,54.09,-0.01,61,329984,卖盘
11:13:51,54.09,0.0,51,275897,卖盘
11:13:55,54.1,0.01,30,162293,买盘
11:13:57,54.09,-0.01,132,714091,卖盘
11:14:01,54.09,0.0,54,292144,卖盘
11:14:04,54.1,0.01,9,48683,中性盘
11:14:06,54.1,0.0,9,48697,卖盘
11:14:09,54.1,0.0,20,108189,卖盘
11:14:12,54.1,0.0,28,151485,买盘
11:14:15,54.1,0.0,46,248865,卖盘
11:14:19,54.11,0.01,54,292183,买盘
11:14:21,54.1,-0.01,39,211012,卖盘
11:14:25,54.11,0.01,21,113619,买盘
11:14:28,54.09,-0.02,65,351616,卖盘
11:14:31,54.1,0.01,62,335442,买盘
11:14:33,54.09,-0.01,38,205569,卖盘
11:14:36,54.1,0.01,26,140660,买盘
11:14:39,54.1,0.0,13,70331,卖盘
11:14:43,54.1,0.0,40,216407,卖盘
11:14:45,54.1,0.0,10,54100,卖盘
11:14:49,54.11,0.01,136,733949,买盘
11:14:52,54.09,-0.02,36,194735,卖盘
11:14:54,54.11,0.02,26,140650,买盘
11:14:57,54.09,-0.02,67,362445,卖盘
11:15:00,54.11,0.02,13,70342,买盘
11:15:04,54.11,0.0,97,524844,买盘
11:15:10,54.11,0.0,61,330072,卖盘
11:15:12,54.12,0.01,40,216444,买盘
11:15:15,54.11,-0.01,25,135279,卖盘
11:15:19,54.11,0.0,32,173158,卖盘
11:15:22,54.12,0.01,14,74792,买盘
11:15:24,54.12,0.0,25,136254,买盘
11:15:28,54.11,-0.01,31,167757,卖盘
11:15:31,54.11,0.0,25,135289,卖盘
11:15:33,54.11,0.0,65,351767,卖盘
11:15:36,54.12,0.01,7,37880,买盘
11:15:39,54.12,0.0,74,400451,买盘
11:15:42,54.1,-0.02,34,183952,卖盘
11:15:46,54.12,0.02,28,150562,买盘
11:15:48,54.12,0.0,17,92004,卖盘
11:15:51,54.12,0.0,107,579084,卖盘
11:15:54,54.12,0.0,30,162360,卖盘
11:15:58,54.13,0.01,208,1125752,买盘
11:16:01,54.13,0.0,44,238176,卖盘
11:16:04,54.13,0.0,106,573778,卖盘
11:16:07,54.13,0.0,2,10825,买盘
11:16:10,54.13,0.0,40,216486,买盘
11:16:12,54.13,0.0,74,400543,买盘
11:16:16,54.13,0.0,59,319367,卖盘
11:16:18,54.13,0.0,14,75782,卖盘
11:16:21,54.15,0.02,125,676813,买盘
11:16:24,54.15,0.0,13,70395,卖盘
11:16:27,54.16,0.01,41,222020,买盘
11:16:31,54.15,-0.01,40,216631,卖盘
11:16:34,54.16,0.01,32,173310,买盘
11:16:37,54.16,0.0,66,357456,卖盘
11:16:39,54.16,0.0,51,276250,卖盘
11:16:42,54.16,0.0,6,32498,卖盘
11:16:46,54.16,0.0,25,135409,卖盘
11:16:48,54.16,0.0,19,102910,卖盘
11:16:51,54.17,0.01,31,167925,买盘
11:16:54,54.16,-0.01,29,157082,卖盘
11:16:57,54.16,0.0,34,184162,卖盘
11:17:01,54.18,0.02,134,725977,买盘
11:17:04,54.18,0.0,48,260064,卖盘
11:17:07,54.19,0.01,5,27095,买盘
11:17:10,54.18,-0.01,10,54180,卖盘
11:17:12,54.2,0.02,166,899703,买盘
11:17:16,54.2,0.0,57,308940,卖盘
11:17:18,54.2,0.0,38,205960,卖盘
11:17:21,54.21,0.01,105,569205,买盘
11:17:24,54.21,0.0,92,498738,卖盘
11:17:28,54.21,0.0,45,243988,卖盘
11:17:31,54.23,0.02,37,200645,买盘
11:17:34,54.22,-0.01,22,119284,卖盘
11:17:36,54.22,0.0,72,390448,卖盘
11:17:39,54.22,0.0,69,374132,卖盘
11:17:42,54.23,0.01,18,97720,卖盘
11:17:45,54.23,0.0,40,216901,买盘
11:17:49,54.23,0.0,15,81353,卖盘
11:17:52,54.24,0.01,14,75923,买盘
11:17:55,54.28,0.04,286,1551799,买盘
11:17:57,54.28,0.0,92,499376,卖盘
11:18:00,54.28,0.0,32,173706,卖盘
11:18:04,54.28,0.0,36,195419,卖盘
11:18:06,54.28,0.0,120,651370,卖盘
11:18:09,54.28,0.0,71,385288,卖盘
11:18:13,54.28,0.0,4,21709,买盘
11:18:16,54.28,0.0,37,200762,买盘
11:18:19,54.24,-0.04,20,108528,卖盘
11:18:22,54.24,0.0,19,103078,卖盘
11:18:25,54.24,0.0,20,108504,卖盘
11:18:27,54.28,0.04,27,146554,买盘
11:18:30,54.28,0.0,37,200785,买盘
11:18:33,54.25,-0.03,30,162780,卖盘
11:18:36,54.25,0.0,165,895130,卖盘
11:18:39,54.25,0.0,83,450636,卖盘
11:18:42,54.24,-0.01,36,195265,买盘
11:18:45,54.25,0.01,31,168177,卖盘
11:18:48,54.25,0.0,33,179025,卖盘
11:18:52,54.26,0.01,146,792047,买盘
11:18:54,54.26,0.0,101,547972,买盘
11:18:58,54.25,-0.01,53,287485,买盘
11:19:00,54.25,0.0,41,222395,买盘
11:19:04,54.24,-0.01,24,130180,卖盘
11:19:06,54.25,0.01,11,59666,买盘
11:19:09,54.24,-0.01,99,537052,卖盘
11:19:12,54.25,0.01,99,536985,买盘
11:19:15,54.23,-0.02,49,270418,卖盘
11:19:18,54.24,0.01,18,97616,买盘
11:19:21,54.23,-0.01,58,309510,卖盘
11:19:25,54.25,0.02,200,1089925,买盘
11:19:27,54.25,0.0,90,488255,卖盘
11:19:30,54.25,0.0,14,75954,卖盘
11:19:33,54.25,0.0,25,135625,卖盘
11:19:36,54.26,0.01,57,309235,买盘
11:19:39,54.25,-0.01,56,303801,卖盘
11:19:42,54.23,-0.02,80,433996,卖盘
11:19:46,54.22,-0.01,20,108460,卖盘
11:19:49,54.22,0.0,16,86147,卖盘
11:19:52,54.22,0.0,1,5422,中性盘
11:19:54,54.21,-0.01,12,65054,卖盘
11:20:00,54.22,0.01,26,140955,买盘
11:20:05,54.21,-0.01,20,108420,卖盘
11:20:07,54.22,0.01,39,211420,买盘
11:20:10,54.21,-0.01,12,65052,卖盘
11:20:12,54.22,0.01,54,292742,买盘
11:20:16,54.21,-0.01,24,130104,卖盘
11:20:18,54.21,0.0,11,59631,卖盘
11:20:22,54.21,0.0,8,43368,卖盘
11:20:25,54.21,0.0,24,130105,卖盘
11:20:27,54.22,0.01,34,184320,买盘
11:20:31,54.21,-0.01,24,130109,卖盘
11:20:33,54.21,0.0,12,65052,卖盘
11:20:37,54.22,0.01,31,168044,买盘
11:20:39,54.2,-0.02,33,178885,卖盘
11:20:42,54.21,0.01,36,195156,买盘
11:20:46,54.2,-0.01,40,216835,卖盘
11:20:48,54.2,0.0,27,146345,卖盘
11:20:52,54.2,0.0,20,108401,卖盘
11:20:54,54.2,0.0,35,189710,卖盘
11:20:57,54.2,0.0,80,433602,卖盘
11:21:01,54.2,0.0,73,395690,卖盘
11:21:05,54.21,0.01,23,124665,中性盘
11:21:07,54.21,0.0,60,325245,中性盘
11:21:09,54.21,0.0,69,374049,卖盘
11:21:13,54.21,0.0,24,130105,卖盘
11:21:15,54.21,0.0,30,162615,卖盘
11:21:19,54.23,0.02,70,379570,买盘
11:21:21,54.21,-0.02,169,916149,卖盘
11:21:25,54.2,-0.01,53,287290,卖盘
11:21:27,54.2,0.0,46,249320,卖盘
11:21:30,54.2,0.0,87,471568,卖盘
11:21:33,54.2,0.0,40,216801,卖盘
11:21:37,54.19,-0.01,36,195116,卖盘
11:21:39,54.19,0.0,29,157195,卖盘
11:21:43,54.18,-0.01,9,48765,卖盘
11:21:45,54.2,0.02,14,75881,卖盘
11:21:48,54.2,0.0,7,37940,卖盘
11:21:52,54.19,-0.01,20,108387,卖盘
11:21:55,54.19,0.0,22,119220,卖盘
11:21:57,54.19,0.0,13,70447,卖盘
11:22:00,54.2,0.01,4,21680,买盘
11:22:04,54.19,-0.01,23,124637,卖盘
11:22:07,54.19,0.0,4,21676,买盘
11:22:10,54.19,0.0,6,32514,卖盘
11:22:12,54.19,0.0,2,10838,卖盘
11:22:16,54.19,0.0,76,411890,卖盘
11:22:18,54.18,-0.01,102,552718,卖盘
11:22:21,54.18,0.0,50,270902,卖盘
11:22:25,54.18,0.0,4,22106,卖盘
11:22:27,54.18,0.0,17,92107,卖盘
11:22:30,54.19,0.01,21,113789,买盘
11:22:33,54.18,-0.01,23,124614,卖盘
11:22:37,54.18,0.0,13,70434,卖盘
11:22:39,54.19,0.01,48,260090,买盘
11:22:43,54.18,-0.01,114,617812,卖盘
11:22:45,54.19,0.01,51,276369,卖盘
11:22:48,54.18,-0.01,67,363027,卖盘
11:22:52,54.18,0.0,70,379293,卖盘
11:22:54,54.18,0.0,44,233488,卖盘
11:22:57,54.18,0.0,71,384665,买盘
11:23:00,54.18,0.0,31,167965,卖盘
11:23:05,54.18,0.0,22,119218,卖盘
11:23:07,54.19,0.01,20,108349,买盘
11:23:10,54.19,0.0,6,32514,卖盘
11:23:12,54.19,0.0,41,222179,卖盘
11:23:15,54.18,-0.01,76,411795,卖盘
11:23:19,54.18,0.0,33,178826,卖盘
11:23:21,54.19,0.01,23,124616,卖盘
11:23:24,54.18,-0.01,24,130040,卖盘
11:23:30,54.19,0.01,26,140887,买盘
11:23:34,54.19,0.0,22,119217,买盘
11:23:37,54.19,0.0,15,81297,卖盘
11:23:40,54.2,0.01,16,86711,卖盘
11:23:42,54.19,-0.01,13,70458,卖盘
11:23:45,54.2,0.01,9,48777,中性盘
11:23:49,54.19,-0.01,22,119241,卖盘
11:23:52,54.21,0.02,4,21683,买盘
11:23:54,54.21,0.0,30,162591,买盘
11:23:58,54.21,0.0,33,178893,买盘
11:24:00,54.22,0.01,118,639782,买盘
11:24:04,54.19,-0.03,162,878033,卖盘
11:24:07,54.24,0.05,67,363207,买盘
11:24:10,54.19,-0.05,41,222192,卖盘
11:24:12,54.19,0.0,46,249281,卖盘
11:24:16,54.21,0.02,5,27105,卖盘
11:24:19,54.24,0.03,34,184355,买盘
11:24:21,54.24,0.0,1,5424,买盘
11:24:25,54.24,0.0,38,206108,买盘
11:24:27,54.24,0.0,33,178992,卖盘
11:24:30,54.24,0.0,10,54249,卖盘
11:24:34,54.24,0.0,21,113924,卖盘
11:24:37,54.27,0.03,396,2148924,买盘
11:24:39,54.24,-0.03,65,352595,卖盘
11:24:42,54.25,0.01,98,531558,买盘
11:24:46,54.21,-0.04,24,130148,卖盘
11:24:48,54.21,0.0,37,200606,卖盘
11:24:51,54.21,0.0,14,75923,卖盘
11:24:54,54.24,0.03,1,5424,买盘
11:24:58,54.23,-0.01,2,10846,买盘
11:25:01,54.23,0.0,4,21692,买盘
11:25:04,54.21,-0.02,139,753718,卖盘
11:25:06,54.22,0.01,20,108447,中性盘
11:25:10,54.22,0.0,43,233146,卖盘
11:25:12,54.23,0.01,7,37961,买盘
11:25:15,54.22,-0.01,167,905529,卖盘
11:25:19,54.21,-0.01,25,135547,卖盘
11:25:22,54.23,0.02,41,222267,中性盘
11:25:24,54.21,-0.02,6,32531,卖盘
11:25:27,54.21,0.0,5,27105,卖盘
11:25:30,54.21,0.0,14,75915,卖盘
11:25:33,54.23,0.02,36,195228,买盘
11:25:36,54.23,0.0,13,70499,卖盘
11:25:39,54.23,0.0,6,32538,卖盘
11:25:42,54.23,0.0,8,43389,卖盘
11:25:45,54.23,0.0,14,75924,卖盘
11:25:49,54.24,0.01,19,103055,买盘
11:25:52,54.23,-0.01,11,59661,卖盘
11:25:54,54.24,0.01,57,309177,卖盘
11:25:58,54.25,0.01,57,309218,买盘
11:26:00,54.25,0.0,54,292936,买盘
11:26:05,54.25,0.0,47,254941,中性盘
11:26:07,54.25,0.0,12,65100,卖盘
11:26:09,54.25,0.0,14,75951,卖盘
11:26:13,54.25,0.0,18,97650,卖盘
11:26:15,54.25,0.0,23,124788,卖盘
11:26:19,54.26,0.01,39,211584,买盘
11:26:21,54.26,0.0,27,146502,卖盘
11:26:24,54.26,0.0,1,5426,卖盘
11:26:28,54.27,0.01,23,124813,买盘
11:26:31,54.27,0.0,95,515544,买盘
11:26:33,54.27,0.0,72,390674,买盘
11:26:36,54.26,-0.01,92,499243,卖盘
11:26:39,54.25,-0.01,51,280650,卖盘
11:26:42,54.26,0.01,56,303850,中性盘
11:26:45,54.25,-0.01,132,716205,卖盘
11:26:48,54.25,0.0,34,184463,卖盘
11:26:52,54.26,0.01,41,222437,买盘
11:26:54,54.26,0.0,75,406886,买盘
11:26:57,54.25,-0.01,39,211578,卖盘
11:27:01,54.27,0.02,46,249599,买盘
11:27:04,54.26,-0.01,34,184486,卖盘
11:27:07,54.26,0.0,34,184486,卖盘
11:27:10,54.26,0.0,22,119373,卖盘
11:27:13,54.26,0.0,69,374450,卖盘
11:27:16,54.26,0.0,20,108520,卖盘
11:27:18,54.27,0.01,82,444916,买盘
11:27:21,54.26,-0.01,453,2458729,卖盘
11:27:24,54.25,-0.01,114,618540,卖盘
11:27:27,54.27,0.02,121,656480,买盘
11:27:30,54.27,0.0,31,168246,卖盘
11:27:33,54.27,0.0,37,200783,卖盘
11:27:36,54.28,0.01,112,607931,买盘
11:27:40,54.23,-0.05,60,325504,卖盘
11:27:42,54.27,0.04,68,369061,中性盘
11:27:46,54.24,-0.03,63,341812,卖盘
11:27:48,54.25,0.01,6,32551,中性盘
11:27:51,54.27,0.02,16,86809,买盘
11:27:55,54.24,-0.03,10,54240,卖盘
11:27:58,54.27,0.03,12,65118,买盘
11:28:01,54.24,-0.03,21,113929,卖盘
11:28:05,54.27,0.03,67,363567,买盘
11:28:06,54.25,-0.02,234,1269378,卖盘
11:28:09,54.24,-0.01,80,433927,卖盘
11:28:13,54.25,0.01,37,200735,卖盘
11:28:15,54.25,0.0,35,189845,买盘
11:28:18,54.25,0.0,50,271250,买盘
11:28:21,54.25,0.0,23,124776,卖盘
11:28:24,54.25,0.0,49,265859,卖盘
11:28:27,54.25,0.0,25,135645,卖盘
11:28:30,54.27,0.02,11,59697,买盘
11:28:33,54.28,0.01,29,157367,买盘
11:28:36,54.27,-0.01,16,86808,买盘
11:28:40,54.25,-0.02,16,86807,卖盘
11:28:42,54.27,0.02,25,132092,买盘
11:28:45,54.26,-0.01,24,130224,买盘
11:28:49,54.27,0.01,50,271345,买盘
11:28:51,54.27,0.0,31,168238,卖盘
11:28:58,54.28,0.01,216,1172252,买盘
11:29:00,54.25,-0.03,192,1042009,卖盘
11:29:04,54.27,0.02,111,602418,中性盘
11:29:07,54.24,-0.03,59,320063,卖盘
11:29:10,54.28,0.04,484,2627060,买盘
11:29:13,54.28,0.0,74,401676,卖盘
11:29:16,54.28,0.0,225,1221511,卖盘
11:29:19,54.27,-0.01,24,130252,卖盘
11:29:21,54.3,0.03,63,341785,买盘
11:29:24,54.29,-0.01,39,211741,卖盘
11:29:28,54.3,0.01,79,428882,买盘
11:29:31,54.3,0.0,51,276967,买盘
11:29:33,54.3,0.0,31,168340,卖盘
11:29:36,54.32,0.02,11,59738,买盘
11:29:39,54.3,-0.02,26,145974,卖盘
11:29:43,54.3,0.0,22,119463,卖盘
11:29:45,54.3,0.0,36,195551,卖盘
11:29:48,54.32,0.02,80,434698,中性盘
11:29:52,54.3,-0.02,10,54319,卖盘
11:29:54,54.35,0.05,28,152053,买盘
11:29:57,54.33,-0.02,20,108661,卖盘
11:30:00,54.33,0.0,24,130392,买盘
13:00:01,54.33,0.0,123,668265,买盘
13:00:04,54.37,0.04,1688,9168128,买盘
13:00:07,54.34,-0.03,423,2299232,卖盘
13:00:10,54.33,-0.01,565,3070397,卖盘
13:00:13,54.39,0.06,185,1005172,买盘
13:00:15,54.35,-0.04,223,1212325,卖盘
13:00:18,54.35,0.0,81,440235,卖盘
13:00:21,54.35,0.0,81,440250,卖盘
13:00:24,54.4,0.05,22,119660,买盘
13:00:27,54.35,-0.05,172,934860,卖盘
13:00:30,54.35,0.0,26,141312,卖盘
13:00:33,54.39,0.04,72,391437,买盘
13:00:37,54.37,-0.02,56,304458,买盘
13:00:40,54.36,-0.01,61,331566,卖盘
13:00:42,54.36,0.0,45,244611,买盘
13:00:45,54.36,0.0,67,364192,买盘
13:00:48,54.36,0.0,89,483821,卖盘
13:00:51,54.36,0.0,83,451144,买盘
13:00:54,54.35,-0.01,44,239170,卖盘
13:00:57,54.35,0.0,119,646728,买盘
13:01:01,54.34,-0.01,29,157593,卖盘
13:01:05,54.38,0.04,94,510988,买盘
13:01:07,54.34,-0.04,55,299024,卖盘
13:01:10,54.38,0.04,58,315364,中性盘
13:01:12,54.35,-0.03,50,271807,卖盘
13:01:16,54.38,0.03,60,326163,买盘
13:01:18,54.35,-0.03,18,97833,卖盘
13:01:21,54.35,0.0,27,146731,买盘
13:01:24,54.38,0.03,45,244558,买盘
13:01:27,54.36,-0.02,21,114138,中性盘
13:01:31,54.35,-0.01,67,364101,卖盘
13:01:34,54.36,0.01,39,211981,买盘
13:01:37,54.35,-0.01,58,315248,卖盘
13:01:39,54.35,0.0,16,86957,买盘
13:01:42,54.34,-0.01,42,228244,卖盘
13:01:45,54.36,0.02,147,799276,中性盘
13:01:48,54.35,-0.01,105,570689,卖盘
13:01:52,54.38,0.03,55,298930,买盘
13:01:54,54.35,-0.03,31,168467,卖盘
13:01:58,54.35,0.0,58,315221,卖盘
13:02:00,54.35,0.0,101,548854,买盘
13:02:05,54.34,-0.01,84,456487,卖盘
13:02:07,54.35,0.01,477,2591884,买盘
13:02:10,54.34,-0.01,213,1156078,卖盘
13:02:13,54.33,-0.01,183,994268,卖盘
13:02:15,54.34,0.01,78,423824,买盘
13:02:18,54.33,-0.01,261,1418093,卖盘
13:02:21,54.32,-0.01,134,727934,卖盘
13:02:25,54.33,0.01,83,450905,买盘
13:02:27,54.31,-0.02,115,624660,卖盘
13:02:31,54.31,0.0,269,1460960,卖盘
13:02:33,54.3,-0.01,141,765731,卖盘
13:02:37,54.3,0.0,138,749391,卖盘
13:02:39,54.26,-0.04,364,1972914,卖盘
13:02:42,54.28,0.02,193,1047550,买盘
13:02:45,54.26,-0.02,93,504587,卖盘
13:02:49,54.26,0.0,20,108540,买盘
13:02:51,54.24,-0.02,302,1638064,卖盘
13:02:55,54.25,0.01,70,379736,买盘
13:02:57,54.23,-0.02,28,151864,卖盘
13:03:01,54.24,0.01,205,1111859,买盘
13:03:04,54.25,0.01,539,2928209,买盘
13:03:07,54.25,0.0,24,130223,卖盘
13:03:10,54.28,0.03,10,54167,买盘
13:03:13,54.26,-0.02,83,450283,卖盘
13:03:16,54.28,0.02,31,168230,买盘
13:03:18,54.26,-0.02,19,103112,卖盘
13:03:21,54.28,0.02,16,86832,买盘
13:03:24,54.28,0.0,19,103108,买盘
13:03:28,54.27,-0.01,30,162820,中性盘
13:03:31,54.26,-0.01,54,293015,卖盘
13:03:33,54.27,0.01,51,274630,买盘
13:03:36,54.26,-0.01,24,132346,卖盘
13:03:39,54.26,0.0,21,113933,买盘
13:03:42,54.26,0.0,134,727052,买盘
13:03:46,54.25,-0.01,44,238713,中性盘
13:03:49,54.26,0.01,104,564253,买盘
13:03:52,54.26,0.0,119,645691,买盘
13:03:54,54.27,0.01,302,1638916,买盘
13:03:58,54.26,-0.01,57,309275,买盘
13:04:00,54.27,0.01,776,4209406,买盘
13:04:04,54.29,0.02,11,59719,买盘
13:04:07,54.28,-0.01,24,130285,卖盘
13:04:09,54.29,0.01,93,504973,中性盘
13:04:13,54.29,0.0,60,325681,买盘
13:04:15,54.28,-0.01,30,162850,卖盘
13:04:18,54.29,0.01,34,184586,买盘
13:04:21,54.3,0.01,57,309490,买盘
13:04:24,54.29,-0.01,45,244341,卖盘
13:04:27,54.31,0.02,7,38013,买盘
13:04:30,54.31,0.0,99,537505,买盘
13:04:33,54.3,-0.01,59,320390,卖盘
13:04:36,54.31,0.01,71,385601,买盘
13:04:40,54.31,0.0,94,510505,买盘
13:04:43,54.31,0.0,206,1118652,买盘
13:04:45,54.31,0.0,124,673451,卖盘
13:04:48,54.31,0.0,9,48879,卖盘
13:04:51,54.32,0.01,1,5432,买盘
13:04:54,54.32,0.0,40,217242,买盘
13:04:58,54.32,0.0,21,114072,买盘
13:05:00,54.32,0.0,53,287929,卖盘
13:05:04,54.33,0.01,385,2091480,买盘
13:05:07,54.32,-0.01,6,32596,中性盘
13:05:10,54.31,-0.01,44,239025,卖盘
13:05:12,54.31,0.0,31,168369,卖盘
13:05:16,54.32,0.01,123,665841,买盘
13:05:18,54.32,0.0,59,320467,买盘
13:05:22,54.32,0.0,106,577435,买盘
13:05:24,54.33,0.01,90,488955,买盘
13:05:27,54.33,0.0,37,201024,买盘
13:05:30,54.33,0.0,2,10866,卖盘
13:05:33,54.34,0.01,72,390623,买盘
13:05:37,54.35,0.01,98,532427,买盘
13:05:40,54.35,0.0,120,652194,买盘
13:05:42,54.3,-0.05,372,2023548,卖盘
13:05:45,54.3,0.0,19,103174,卖盘
13:05:49,54.29,-0.01,113,613593,卖盘
13:05:51,54.29,0.0,84,454033,卖盘
13:05:55,54.31,0.02,56,304176,中性盘
13:05:57,54.31,0.0,99,537546,买盘
13:06:01,54.32,0.01,50,271132,买盘
13:06:04,54.32,0.0,78,423686,买盘
13:06:06,54.32,0.0,12,65204,卖盘
13:06:10,54.31,-0.01,123,671430,卖盘
13:06:12,54.32,0.01,11,59762,中性盘
13:06:15,54.32,0.0,7,38024,买盘
13:06:19,54.32,0.0,96,521470,买盘
13:06:21,54.32,0.0,77,417808,买盘
13:06:24,54.31,-0.01,58,315053,卖盘
13:06:28,54.31,0.0,23,122094,卖盘
13:06:30,54.32,0.01,69,377725,买盘
13:06:33,54.31,-0.01,54,293270,买盘
13:06:36,54.31,0.0,53,287841,买盘
13:06:39,54.31,0.0,137,740759,买盘
13:06:43,54.32,0.01,28,152096,买盘
13:06:45,54.31,-0.01,13,70604,卖盘
13:06:49,54.31,0.0,59,320434,卖盘
13:06:51,54.32,0.01,63,343327,买盘
13:06:55,54.32,0.0,84,456233,买盘
13:06:57,54.31,-0.01,31,168375,卖盘
13:07:00,54.32,0.01,49,264784,买盘
13:07:04,54.32,0.0,72,391080,买盘
13:07:06,54.33,0.01,153,831122,买盘
13:07:10,54.32,-0.01,18,102027,卖盘
13:07:12,54.32,0.0,7,38024,卖盘
13:07:16,54.32,0.0,18,97776,卖盘
13:07:19,54.36,0.04,61,331387,买盘
13:07:21,54.35,-0.01,83,450952,买盘
13:07:25,54.36,0.01,4,21744,买盘
13:07:27,54.38,0.02,58,315278,买盘
13:07:31,54.38,0.0,8,43500,买盘
13:07:33,54.37,-0.01,34,184813,买盘
13:07:36,54.38,0.01,21,114192,买盘
13:07:39,54.38,0.0,54,293648,买盘
13:07:43,54.38,0.0,19,103431,买盘
13:07:45,54.38,0.0,36,195798,卖盘
13:07:48,54.38,0.0,89,483984,卖盘
13:07:51,54.39,0.01,63,342657,买盘
13:07:55,54.38,-0.01,129,701411,卖盘
13:07:57,54.39,0.01,41,222990,买盘
13:08:01,54.39,0.0,116,630918,买盘
13:08:04,54.4,0.01,75,407976,买盘
13:08:07,54.4,0.0,37,201276,买盘
13:08:09,54.39,-0.01,112,609059,卖盘
13:08:12,54.39,0.0,50,271946,买盘
13:08:15,54.38,-0.01,81,440491,卖盘
13:08:19,54.38,0.0,79,429602,买盘
13:08:21,54.38,0.0,98,532760,买盘
13:08:25,54.38,0.0,42,228386,买盘
13:08:27,54.36,-0.02,10,54368,中性盘
13:08:31,54.37,0.01,1,5437,买盘
13:08:33,54.36,-0.01,62,337046,卖盘
13:08:37,54.36,0.0,37,201133,买盘
13:08:39,54.35,-0.01,10,54354,卖盘
13:08:43,54.37,0.02,22,119599,买盘
13:08:45,54.35,-0.02,103,559819,卖盘
13:08:49,54.37,0.02,59,320783,买盘
13:08:51,54.36,-0.01,8,43488,中性盘
13:08:54,54.35,-0.01,60,326109,卖盘
13:08:57,54.36,0.01,29,157664,买盘
13:09:01,54.37,0.01,12,65240,买盘
13:09:04,54.36,-0.01,18,97852,卖盘
13:09:07,54.35,-0.01,33,179394,卖盘
13:09:10,54.36,0.01,2,10872,买盘
13:09:13,54.36,0.0,43,233723,买盘
13:09:16,54.35,-0.01,2,10870,卖盘
13:09:18,54.36,0.01,13,70666,买盘
13:09:21,54.36,0.0,24,130454,买盘
13:09:25,54.36,0.0,73,396814,买盘
13:09:28,54.36,0.0,25,135900,卖盘
13:09:30,54.35,-0.01,248,1347906,卖盘
13:09:33,54.35,0.0,9,48920,卖盘
13:09:37,54.35,0.0,18,97835,卖盘
13:09:39,54.36,0.01,6,32615,买盘
13:09:42,54.36,0.0,10,54357,买盘
13:09:46,54.36,0.0,7,38052,买盘
13:09:49,54.36,0.0,36,195677,买盘
13:09:51,54.35,-0.01,25,135887,卖盘
13:09:54,54.36,0.01,141,766336,买盘
13:09:57,54.35,-0.01,153,831570,卖盘
13:10:01,54.36,0.01,23,125026,买盘
13:10:04,54.36,0.0,86,467442,买盘
13:10:07,54.35,-0.01,30,163058,卖盘
13:10:10,54.36,0.01,25,135900,中性盘
13:10:12,54.36,0.0,10,54356,买盘
13:10:15,54.34,-0.02,42,228279,卖盘
13:10:19,54.36,0.02,14,76102,买盘
13:10:21,54.33,-0.03,47,255410,卖盘
13:10:24,54.33,0.0,53,287955,买盘
13:10:28,54.35,0.02,132,717324,买盘
13:10:30,54.33,-0.02,63,342373,卖盘
13:10:34,54.35,0.02,85,461903,买盘
13:10:36,54.36,0.01,74,402201,买盘
13:10:40,54.36,0.0,97,527211,买盘
13:10:42,54.36,0.0,80,434915,买盘
13:10:46,54.35,-0.01,178,967602,中性盘
13:10:49,54.36,0.01,16,86961,买盘
13:10:51,54.36,0.0,83,448475,买盘
13:10:54,54.36,0.0,54,293590,卖盘
13:10:57,54.35,-0.01,39,211976,卖盘
13:11:01,54.37,0.02,42,228384,买盘
13:11:04,54.36,-0.01,25,135943,卖盘
13:11:07,54.36,0.0,8,43488,买盘
13:11:10,54.36,0.0,59,320743,卖盘
13:11:12,54.35,-0.01,45,244619,卖盘
13:11:15,54.35,0.0,22,119590,卖盘
13:11:18,54.36,0.01,82,445752,买盘
13:11:21,54.35,-0.01,4,21745,卖盘
13:11:25,54.36,0.01,19,103297,中性盘
13:11:28,54.38,0.02,46,250098,买盘
13:11:31,54.38,0.0,22,119637,卖盘
13:11:34,54.38,0.0,19,103327,卖盘
13:11:36,54.4,0.02,166,903082,买盘
13:11:39,54.4,0.0,4,21762,卖盘
13:11:42,54.43,0.03,1,5443,买盘
13:11:45,54.4,-0.03,27,146882,卖盘
13:11:48,54.43,0.03,12,65316,买盘
13:11:52,54.43,0.0,100,544152,买盘
13:11:54,54.44,0.01,329,1790061,买盘
13:11:58,54.43,-0.01,15,81642,卖盘
13:12:01,54.45,0.02,29,157878,买盘
13:12:04,54.43,-0.02,67,364765,卖盘
13:12:06,54.43,0.0,55,299365,卖盘
13:12:10,54.43,0.0,29,157847,买盘
13:12:13,54.43,0.0,49,266707,买盘
13:12:16,54.44,0.01,71,386550,买盘
13:12:19,54.45,0.01,71,386593,买盘
13:12:22,54.45,0.0,116,631615,买盘
13:12:25,54.45,0.0,89,484597,买盘
13:12:27,54.45,0.0,72,392034,买盘
13:12:31,54.45,0.0,29,157926,买盘
13:12:33,54.46,0.01,91,495646,买盘
13:12:37,54.48,0.02,50,272379,买盘
13:12:39,54.49,0.01,34,185253,买盘
13:12:42,54.49,0.0,47,256098,买盘
13:12:46,54.46,-0.03,286,1557803,卖盘
13:12:49,54.49,0.03,69,375903,买盘
13:12:51,54.49,0.0,53,288803,买盘
13:12:55,54.49,0.0,122,664673,卖盘
13:12:57,54.49,0.0,64,348779,卖盘
13:13:01,54.5,0.01,41,223444,买盘
13:13:04,54.49,-0.01,23,125341,卖盘
13:13:07,54.5,0.01,739,4027358,买盘
13:13:10,54.5,0.0,57,310685,卖盘
13:13:12,54.51,0.01,48,261637,买盘
13:13:16,54.51,0.0,48,261615,买盘
13:13:18,54.51,0.0,10,54508,买盘
13:13:22,54.51,0.0,54,294348,买盘
13:13:24,54.5,-0.01,31,168973,卖盘
13:13:27,54.51,0.01,74,403374,买盘
13:13:30,54.51,0.0,3,16353,卖盘
13:13:33,54.5,-0.01,152,828552,卖盘
13:13:37,54.51,0.01,21,114481,中性盘
13:13:40,54.51,0.0,8,43607,卖盘
13:13:43,54.5,-0.01,2,10900,卖盘
13:13:46,54.51,0.01,23,125365,买盘
13:13:49,54.51,0.0,2,10902,买盘
13:13:51,54.51,0.0,33,179913,卖盘
13:13:54,54.51,0.0,21,114484,卖盘
13:13:57,54.52,0.01,53,289004,买盘
13:14:01,54.52,0.0,6,32712,卖盘
13:14:05,54.52,0.0,157,855845,卖盘
13:14:07,54.52,0.0,23,125407,买盘
13:14:10,54.5,-0.02,40,218019,卖盘
13:14:13,54.52,0.02,126,686952,买盘
13:14:15,54.52,0.0,30,163542,买盘
13:14:19,54.51,-0.01,29,158094,卖盘
13:14:21,54.52,0.01,16,87218,买盘
13:14:24,54.49,-0.03,249,1357051,卖盘
13:14:27,54.49,0.0,17,92633,买盘
13:14:30,54.48,-0.01,12,65386,卖盘
13:14:33,54.48,0.0,30,163455,卖盘
13:14:37,54.49,0.01,73,397709,买盘
13:14:40,54.48,-0.01,24,130768,卖盘
13:14:42,54.48,0.0,152,828133,卖盘
13:14:45,54.48,0.0,8,43587,卖盘
13:14:48,54.48,0.0,63,343224,卖盘
13:14:52,54.48,0.0,28,152544,买盘
13:14:55,54.48,0.0,96,522985,买盘
13:14:57,54.46,-0.02,43,234232,卖盘
13:15:01,54.48,0.02,26,141615,买盘
13:15:04,54.46,-0.02,10,54469,卖盘
13:15:07,54.45,-0.01,13,70795,卖盘
13:15:10,54.45,0.0,20,108915,卖盘
13:15:12,54.46,0.01,4,21784,买盘
13:15:15,54.43,-0.03,82,446469,卖盘
13:15:18,54.45,0.02,127,691533,买盘
13:15:21,54.45,0.0,21,114350,卖盘
13:15:24,54.45,0.0,16,87120,卖盘
13:15:27,54.46,0.01,42,228699,买盘
13:15:30,54.46,0.0,9,47916,买盘
13:15:34,54.45,-0.01,21,114356,卖盘
13:15:37,54.46,0.01,15,81679,买盘
13:15:39,54.46,0.0,18,98018,买盘
13:15:43,54.45,-0.01,12,65340,卖盘
13:15:45,54.45,0.0,8,43560,买盘
13:15:48,54.45,0.0,41,223242,买盘
13:15:52,54.44,-0.01,24,130660,卖盘
13:15:54,54.45,0.01,93,506384,买盘
13:15:57,54.44,-0.01,24,131755,卖盘
13:16:00,54.46,0.02,49,265748,买盘
13:16:05,54.45,-0.01,83,452008,卖盘
13:16:07,54.45,0.0,17,93654,卖盘
13:16:09,54.45,0.0,6,32665,买盘
13:16:13,54.44,-0.01,68,370210,卖盘
13:16:15,54.45,0.01,72,391996,买盘
13:16:18,54.43,-0.02,131,713030,卖盘
13:16:22,54.43,0.0,2,10886,买盘
13:16:24,54.42,-0.01,17,92514,卖盘
13:16:28,54.41,-0.01,96,522509,卖盘
13:16:30,54.43,0.02,35,190466,买盘
13:16:33,54.41,-0.02,47,255774,卖盘
13:16:36,54.41,0.0,12,65298,卖盘
13:16:39,54.41,0.0,25,136032,卖盘
13:16:43,54.4,-0.01,274,1490862,卖盘
13:16:45,54.39,-0.01,38,206715,卖盘
13:16:49,54.4,0.01,27,146880,中性盘
13:16:52,54.4,0.0,11,59836,买盘
13:16:54,54.4,0.0,7,38079,买盘
13:16:58,54.4,0.0,103,560204,买盘
13:17:00,54.39,-0.01,53,288272,买盘
13:17:05,54.39,0.0,68,369861,卖盘
13:17:07,54.39,0.0,64,348095,买盘
13:17:10,54.38,-0.01,9,48943,卖盘
13:17:13,54.39,0.01,14,76138,买盘
13:17:18,54.36,-0.03,20,108753,卖盘
13:17:22,54.36,0.0,41,222921,卖盘
13:17:25,54.36,0.0,12,65246,卖盘
13:17:28,54.36,0.0,33,179430,卖盘
13:17:30,54.37,0.01,14,76112,中性盘
13:17:33,54.38,0.01,43,233784,买盘
13:17:36,54.36,-0.02,32,173952,卖盘
13:17:39,54.36,0.0,25,135945,卖盘
13:17:43,54.37,0.01,4,21747,中性盘
13:17:46,54.37,0.0,4,21747,买盘
13:17:49,54.36,-0.01,292,1587039,卖盘
13:17:54,54.38,0.02,19,103310,买盘
13:17:57,54.37,-0.01,26,141356,中性盘
13:18:00,54.36,-0.01,64,347988,卖盘
13:18:05,54.36,0.0,39,212068,卖盘
13:18:07,54.37,0.01,10,54363,买盘
13:18:10,54.36,-0.01,20,108734,中性盘
13:18:13,54.36,0.0,22,119593,买盘
13:18:15,54.36,0.0,1,5436,买盘
13:18:18,54.35,-0.01,6,32614,卖盘
13:18:21,54.35,0.0,16,86975,卖盘
13:18:24,54.35,0.0,100,543511,卖盘
13:18:28,54.35,0.0,5,27175,买盘
13:18:30,54.35,0.0,30,163030,买盘
13:18:33,54.34,-0.01,76,413041,卖盘
13:18:37,54.34,0.0,246,1336706,卖盘
13:18:40,54.34,0.0,6,32603,买盘
13:18:42,54.35,0.01,12,65215,买盘
13:18:45,54.33,-0.02,2,10866,卖盘
13:18:48,54.34,0.01,15,81510,买盘
13:18:55,54.33,-0.01,14,76066,卖盘
13:18:58,54.33,0.0,48,260817,卖盘
13:19:00,54.34,0.01,27,146706,买盘
13:19:04,54.33,-0.01,61,331479,卖盘
13:19:07,54.33,0.0,2,10867,卖盘
13:19:10,54.34,0.01,11,59774,买盘
13:19:12,54.34,0.0,18,97812,卖盘
13:19:16,54.35,0.01,21,114125,买盘
13:19:19,54.33,-0.02,90,489001,卖盘
13:19:22,54.34,0.01,10,54343,卖盘
13:19:25,54.34,0.0,145,788042,卖盘
13:19:27,54.34,0.0,169,918180,买盘
13:19:31,54.34,0.0,33,179294,买盘
13:19:34,54.34,0.0,21,114106,买盘
13:19:37,54.34,0.0,51,277122,买盘
13:19:40,54.34,0.0,14,76074,买盘
13:19:42,54.34,0.0,50,271678,买盘
13:19:45,54.34,0.0,10,54340,买盘
13:19:48,54.34,0.0,57,309738,买盘
13:19:52,54.34,0.0,2,10869,卖盘
13:19:54,54.35,0.01,1,5435,买盘
13:19:57,54.35,0.0,33,179347,买盘
13:20:00,54.34,-0.01,41,222795,卖盘
13:20:04,54.35,0.01,114,619486,买盘
13:20:06,54.35,0.0,69,375008,买盘
13:20:10,54.34,-0.01,25,135871,卖盘
13:20:13,54.35,0.01,13,70655,买盘
13:20:16,54.34,-0.01,24,130418,卖盘
13:20:18,54.35,0.01,262,1423678,买盘
13:20:21,54.33,-0.02,12,65207,卖盘
13:20:25,54.35,0.02,33,179348,买盘
13:20:27,54.34,-0.01,83,451015,中性盘
13:20:31,54.33,-0.01,83,451072,卖盘
13:20:33,54.33,0.0,41,222774,卖盘
13:20:36,54.34,0.01,44,239088,买盘
13:20:40,54.35,0.01,66,358704,买盘
13:20:42,54.35,0.0,80,434799,买盘
13:20:45,54.35,0.0,19,103260,买盘
13:20:48,54.34,-0.01,1,5434,卖盘
13:20:51,54.35,0.01,46,250010,买盘
13:20:54,54.35,0.0,30,163050,买盘
13:20:57,54.34,-0.01,49,266285,卖盘
13:21:01,54.35,0.01,42,228744,买盘
13:21:05,54.36,0.01,20,108705,买盘
13:21:07,54.35,-0.01,6,32610,卖盘
13:21:10,54.34,-0.01,151,820132,卖盘
13:21:12,54.34,0.0,104,565136,买盘
13:21:16,54.34,0.0,1,5434,买盘
13:21:19,54.34,0.0,20,108680,买盘
13:21:21,54.34,0.0,45,244520,买盘
13:21:25,54.34,0.0,17,92378,买盘
13:21:28,54.33,-0.01,89,483562,卖盘
13:21:30,54.33,0.0,17,92361,卖盘
13:21:33,54.33,0.0,14,76066,卖盘
13:21:36,54.34,0.01,21,114104,买盘
13:21:39,54.34,0.0,18,97799,买盘
13:21:42,54.34,0.0,16,86935,买盘
13:21:46,54.34,0.0,2,10868,买盘
13:21:48,54.33,-0.01,25,135844,卖盘
13:21:51,54.33,0.0,22,119546,卖盘
13:21:54,54.34,0.01,14,76065,买盘
13:21:57,54.32,-0.02,652,3543378,卖盘
13:22:00,54.33,0.01,84,455126,买盘
13:22:04,54.34,0.01,97,527037,买盘
13:22:07,54.32,-0.02,52,283626,买盘
13:22:09,54.32,0.0,3,16295,买盘
13:22:12,54.32,0.0,5,27160,买盘
13:22:16,54.34,0.02,193,1047433,买盘
13:22:18,54.34,0.0,9,48907,卖盘
13:22:21,54.34,0.0,43,233662,卖盘
13:22:24,54.35,0.01,9,48911,买盘
13:22:28,54.34,-0.01,12,65208,卖盘
13:22:31,54.35,0.01,12,65214,买盘
13:22:33,54.35,0.0,26,141292,买盘
13:22:36,54.35,0.0,43,233696,买盘
13:22:40,54.35,0.0,54,293540,买盘
13:22:43,54.38,0.03,17,92445,买盘
13:22:45,54.37,-0.01,6,32626,卖盘
13:22:48,54.35,-0.02,79,429369,卖盘
13:22:52,54.37,0.02,17,92399,买盘
13:22:54,54.37,0.0,8,43496,买盘
13:22:57,54.37,0.0,2,10874,买盘
13:23:00,54.35,-0.02,1,5435,卖盘
13:23:05,54.37,0.02,43,233749,买盘
13:23:07,54.38,0.01,60,326278,买盘
13:23:10,54.37,-0.01,15,81567,卖盘
13:23:13,54.37,0.0,74,402343,卖盘
13:23:15,54.37,0.0,21,114181,买盘
13:23:19,54.37,0.0,4,21748,买盘
13:23:21,54.37,0.0,18,97862,卖盘
13:23:24,54.35,-0.02,60,326210,卖盘
13:23:28,54.37,0.02,7,38057,买盘
13:23:30,54.35,-0.02,1,5435,卖盘
13:23:34,54.37,0.02,46,250071,买盘
13:23:36,54.37,0.0,64,347870,买盘
13:23:40,54.35,-0.02,92,500030,卖盘
13:23:42,54.35,0.0,17,92395,买盘
13:23:45,54.35,0.0,19,103265,买盘
13:23:48,54.37,0.02,61,331617,买盘
13:23:52,54.37,0.0,11,59807,买盘
13:23:55,54.37,0.0,21,114170,买盘
13:23:58,54.38,0.01,3,16314,买盘
13:24:01,54.38,0.0,8,43504,买盘
13:24:04,54.37,-0.01,28,152239,卖盘
13:24:07,54.37,0.0,12,65244,买盘
13:24:09,54.35,-0.02,2,10872,卖盘
13:24:12,54.35,0.0,86,467414,卖盘
13:24:15,54.35,0.0,25,135870,买盘
13:24:18,54.35,0.0,15,81524,买盘
13:24:21,54.35,0.0,10,54350,买盘
13:24:24,54.35,0.0,31,168483,卖盘
13:24:27,54.35,0.0,34,184769,买盘
13:24:30,54.35,0.0,158,858507,买盘
13:24:33,54.32,-0.03,119,647671,卖盘
13:24:36,54.31,-0.01,64,347645,卖盘
13:24:39,54.32,0.01,14,76048,买盘
13:24:43,54.32,0.0,151,820100,买盘
13:24:45,54.32,0.0,27,146641,买盘
13:24:48,54.31,-0.01,50,271597,卖盘
13:24:51,54.32,0.01,19,103208,买盘
13:24:54,54.32,0.0,206,1118820,买盘
13:24:57,54.32,0.0,55,297564,买盘
13:25:01,54.33,0.01,38,206437,买盘
13:25:04,54.32,-0.01,39,211857,卖盘
13:25:07,54.32,0.0,31,169587,卖盘
13:25:10,54.32,0.0,14,76048,买盘
13:25:12,54.32,0.0,31,168392,买盘
13:25:15,54.31,-0.01,650,3529649,卖盘
13:25:19,54.32,0.01,30,162957,买盘
13:25:22,54.3,-0.02,536,2910476,卖盘
13:25:25,54.31,0.01,164,890597,买盘
13:25:27,54.31,0.0,12,65164,买盘
13:25:31,54.31,0.0,58,314983,买盘
13:25:34,54.3,-0.01,88,477883,卖盘
13:25:37,54.29,-0.01,63,342067,卖盘
13:25:40,54.3,0.01,67,363780,买盘
13:25:43,54.3,0.0,62,336658,买盘
13:25:45,54.28,-0.02,124,674720,卖盘
13:25:49,54.3,0.02,148,803586,买盘
13:25:52,54.3,0.0,50,271490,买盘
13:25:54,54.29,-0.01,20,108596,卖盘
13:25:57,54.3,0.01,63,342070,买盘
13:26:00,54.3,0.0,50,271492,买盘
13:26:05,54.3,0.0,61,331210,买盘
13:26:07,54.3,0.0,72,390917,买盘
13:26:10,54.3,0.0,323,1753163,买盘
13:26:12,54.28,-0.02,120,651361,中性盘
13:26:15,54.28,0.0,106,575345,买盘
13:26:19,54.28,0.0,541,2935119,买盘
13:26:22,54.28,0.0,177,960748,买盘
13:26:25,54.29,0.01,54,293203,买盘
13:26:28,54.28,-0.01,108,586424,卖盘
13:26:30,54.29,0.01,101,548355,中性盘
13:26:34,54.29,0.0,70,380026,买盘
13:26:36,54.29,0.0,47,255162,买盘
13:26:40,54.29,0.0,13,70577,买盘
13:26:42,54.29,0.0,39,211725,买盘
13:26:46,54.31,0.02,45,244332,买盘
13:26:48,54.31,0.0,46,248367,买盘
13:26:52,54.3,-0.01,90,488681,卖盘
13:26:54,54.3,0.0,66,358378,买盘
13:26:58,54.32,0.02,25,135774,买盘
13:27:01,54.26,-0.06,88,477541,卖盘
13:27:04,54.3,0.04,84,455793,买盘
13:27:07,54.3,0.0,82,445059,买盘
13:27:10,54.3,0.0,54,293200,买盘
13:27:12,54.25,-0.05,271,1470194,卖盘
13:27:15,54.25,0.0,70,379750,买盘
13:27:18,54.24,-0.01,42,227849,卖盘
13:27:21,54.25,0.01,26,141048,买盘
13:27:25,54.25,0.0,36,195300,买盘
13:27:28,54.25,0.0,24,130180,买盘
13:27:31,54.25,0.0,8,43396,买盘
13:27:33,54.25,0.0,51,276661,买盘
13:27:36,54.24,-0.01,52,282043,卖盘
13:27:39,54.25,0.01,25,135615,买盘
13:27:42,54.25,0.0,24,130200,买盘
13:27:45,54.24,-0.01,49,265765,卖盘
13:27:48,54.24,0.0,50,271227,买盘
13:27:51,54.22,-0.02,227,1232127,卖盘
13:27:54,54.24,0.02,32,173531,买盘
13:27:58,54.22,-0.02,49,265738,卖盘
13:28:01,54.23,0.01,17,92202,买盘
13:28:04,54.23,0.0,12,65071,买盘
13:28:07,54.23,0.0,24,130152,买盘
13:28:10,54.22,-0.01,19,103036,卖盘
13:28:13,54.23,0.01,8,43384,买盘
13:28:15,54.22,-0.01,4,21690,卖盘
13:28:18,54.22,0.0,8,43378,卖盘
13:28:22,54.22,0.0,10,54223,卖盘
13:28:24,54.23,0.01,93,503083,买盘
13:28:27,54.24,0.01,99,538105,买盘
13:28:30,54.25,0.01,30,162700,买盘
13:28:33,54.25,0.0,31,168154,买盘
13:28:36,54.25,0.0,2,10850,买盘
13:28:39,54.25,0.0,30,162730,买盘
13:28:42,54.25,0.0,812,4404324,买盘
13:28:45,54.25,0.0,44,238681,买盘
13:28:48,54.25,0.0,174,943949,买盘
13:28:51,54.25,0.0,200,1085000,买盘
13:28:55,54.25,0.0,50,271219,买盘
13:28:58,54.25,0.0,73,396019,买盘
13:29:01,54.25,0.0,91,493670,买盘
13:29:04,54.25,0.0,73,395241,买盘
13:29:06,54.3,0.05,24,130250,买盘
13:29:09,54.29,-0.01,4,21708,中性盘
13:29:12,54.3,0.01,11,59727,买盘
13:29:15,54.3,0.0,11,59726,买盘
13:29:18,54.3,0.0,28,152040,买盘
13:29:21,54.3,0.0,57,309405,买盘
13:29:24,54.27,-0.03,6,32574,卖盘
13:29:28,54.3,0.03,11,59729,买盘
13:29:31,54.3,0.0,3,16290,买盘
13:29:34,54.28,-0.02,37,200829,卖盘
13:29:37,54.28,0.0,40,217136,买盘
13:29:39,54.28,0.0,17,92273,买盘
13:29:42,54.28,0.0,19,103124,买盘
13:29:45,54.27,-0.01,7,37991,卖盘
13:29:48,54.28,0.01,8,43414,买盘
13:29:52,54.27,-0.01,9,48842,卖盘
13:29:55,54.27,0.0,51,276804,买盘
13:29:58,54.27,0.0,6,32563,买盘
13:30:00,54.28,0.01,19,103132,买盘
13:30:04,54.28,0.0,13,70558,买盘
13:30:07,54.27,-0.01,8,43416,卖盘
13:30:10,54.27,0.0,19,103117,卖盘
13:30:12,54.27,0.0,18,97697,卖盘
13:30:15,54.27,0.0,13,70552,卖盘
13:30:18,54.28,0.01,37,200836,买盘
13:30:21,54.26,-0.02,92,499251,卖盘
13:30:24,54.25,-0.01,33,179054,卖盘
13:30:28,54.26,0.01,15,81400,卖盘
13:30:31,54.26,0.0,25,135666,卖盘
13:30:33,54.27,0.01,17,92251,买盘
13:30:37,54.27,0.0,25,135659,买盘
13:30:39,54.27,0.0,21,113939,买盘
13:30:42,54.27,0.0,34,184513,买盘
13:30:46,54.25,-0.02,242,1312887,卖盘
13:30:49,54.27,0.02,54,293040,买盘
13:30:52,54.27,0.0,21,113955,买盘
13:30:54,54.24,-0.03,21,113923,卖盘
13:30:57,54.25,0.01,19,103082,中性盘
13:31:01,54.25,0.0,19,103059,买盘
13:31:05,54.24,-0.01,48,260359,卖盘
13:31:07,54.24,0.0,9,48822,卖盘
13:31:10,54.25,0.01,15,81373,买盘
13:31:12,54.24,-0.01,268,1453464,卖盘
13:31:16,54.24,0.0,22,118843,卖盘
13:31:19,54.25,0.01,59,320063,买盘
13:31:21,54.25,0.0,67,363425,买盘
13:31:24,54.25,0.0,25,135621,买盘
13:31:27,54.22,-0.03,13,70500,卖盘
13:31:30,54.24,0.02,168,910916,买盘
13:31:33,54.25,0.01,43,233255,买盘
13:31:36,54.24,-0.01,791,4287581,中性盘
13:31:39,54.26,0.02,44,238633,买盘
13:31:43,54.27,0.01,54,293072,买盘
13:31:46,54.28,0.01,20,108547,买盘
13:31:48,54.28,0.0,93,504765,买盘
13:31:52,54.28,0.0,22,119375,买盘
13:31:54,54.28,0.0,3,16282,买盘
13:31:57,54.23,-0.05,33,179052,卖盘
13:32:00,54.23,0.0,6,32538,买盘
13:32:04,54.21,-0.02,171,927018,卖盘
13:32:06,54.21,0.0,25,135547,买盘
13:32:10,54.27,0.06,29,157355,买盘
13:32:12,54.23,-0.04,51,276565,卖盘
13:32:16,54.27,0.04,18,97625,买盘
13:32:19,54.2,-0.07,79,428197,卖盘
13:32:22,54.23,0.03,13,70497,买盘
13:32:25,54.23,0.0,20,108444,买盘
13:32:27,54.23,0.0,23,124696,买盘
13:32:30,54.22,-0.01,10,54223,卖盘
13:32:34,54.22,0.0,5,27114,卖盘
13:32:37,54.22,0.0,2,10844,买盘
13:32:39,54.23,0.01,21,113879,买盘
13:32:42,54.22,-0.01,21,113862,买盘
13:32:46,54.22,0.0,13,70484,买盘
13:32:48,54.21,-0.01,33,178894,卖盘
13:32:51,54.21,0.0,45,243959,买盘
13:32:54,54.19,-0.02,328,1777693,卖盘
13:32:57,54.19,0.0,38,205922,买盘
13:33:00,54.19,0.0,41,222179,买盘
13:33:05,54.18,-0.01,57,308858,卖盘
13:33:06,54.19,0.01,34,184228,买盘
13:33:09,54.19,0.0,128,693631,买盘
13:33:12,54.19,0.0,55,298034,买盘
13:33:16,54.19,0.0,31,167984,买盘
13:33:19,54.19,0.0,64,346813,买盘
13:33:21,54.19,0.0,36,195064,买盘
13:33:25,54.18,-0.01,57,308853,卖盘
