time,price,change,volume,amount,type
09:25:04,55.36,1.08,11882,65778752,卖盘
09:30:00,55.17,-0.19,816,4504315,卖盘
09:30:04,55.3,0.13,4795,26511651,买盘
09:30:07,55.32,0.02,1694,9363065,买盘
09:30:09,55.34,0.02,2173,12000610,买盘
09:30:12,55.31,-0.03,1101,6091832,卖盘
09:30:16,55.34,0.03,689,3808190,买盘
09:30:18,55.11,-0.23,463,2561520,卖盘
09:30:22,55.33,0.22,515,2846862,买盘
09:30:24,55.32,-0.01,441,2437837,卖盘
09:30:27,55.31,-0.01,131,723633,中性盘
09:30:31,55.32,0.01,502,2776167,买盘
09:30:33,55.3,-0.02,568,3138131,买盘
09:30:36,55.3,0.0,396,2189281,买盘
09:30:40,55.17,-0.13,246,1358594,卖盘
09:30:43,55.08,-0.09,530,2925112,卖盘
09:30:45,55.2,0.12,725,3995849,买盘
09:30:48,55.16,-0.04,420,2318592,中性盘
09:30:51,55.16,0.0,685,3772225,卖盘
09:30:54,55.15,-0.01,182,1003661,买盘
09:30:57,55.15,0.0,627,3457488,买盘
09:31:01,55.15,0.0,300,1653852,买盘
09:31:04,55.08,-0.07,1013,5578480,卖盘
09:31:07,55.0,-0.08,1698,9338648,卖盘
09:31:09,55.0,0.0,551,3030432,买盘
09:31:12,55.0,0.0,244,1341480,买盘
09:31:15,54.91,-0.09,1172,6443439,卖盘
09:31:18,54.91,0.0,469,2577274,卖盘
09:31:22,54.91,0.0,298,1636765,中性盘
09:31:25,54.91,0.0,338,1855560,买盘
09:31:27,54.9,-0.01,189,1037578,中性盘
09:31:30,54.88,-0.02,211,1158135,卖盘
09:31:33,54.85,-0.03,675,3703095,卖盘
09:31:36,54.85,0.0,176,965318,买盘
09:31:39,54.83,-0.02,356,1952369,卖盘
09:31:43,54.84,0.01,286,1568257,买盘
09:31:45,54.82,-0.02,240,1315739,卖盘
09:31:49,54.84,0.02,873,4786361,买盘
09:31:51,54.81,-0.03,226,1238648,中性盘
09:31:54,54.82,0.01,252,1385260,买盘
09:31:57,54.82,0.0,339,1858301,买盘
09:32:01,54.85,0.03,622,3410767,买盘
09:32:04,54.85,0.0,318,1744441,卖盘
09:32:07,54.86,0.01,440,2414474,中性盘
09:32:09,54.88,0.02,159,872729,买盘
09:32:12,54.9,0.02,321,1762143,买盘
09:32:16,54.9,0.0,397,2179115,卖盘
09:32:19,54.94,0.04,199,1092768,买盘
09:32:22,54.96,0.02,233,1280217,买盘
09:32:24,54.99,0.03,202,1110866,中性盘
09:32:27,55.0,0.01,157,863463,买盘
09:32:30,55.0,0.0,1003,5516471,买盘
09:32:33,55.03,0.03,106,582331,买盘
09:32:36,55.05,0.02,160,880386,买盘
09:32:39,55.05,0.0,343,1887850,卖盘
09:32:42,55.06,0.01,488,2686208,买盘
09:32:45,55.08,0.02,213,1172912,买盘
09:32:48,55.08,0.0,295,1624885,买盘
09:32:52,55.09,0.01,195,1074292,中性盘
09:32:54,55.08,-0.01,358,1972158,卖盘
09:32:57,55.1,0.02,495,2726940,买盘
09:33:00,55.11,0.01,223,1228774,买盘
09:33:04,55.12,0.01,244,1345390,买盘
09:33:07,55.12,0.0,62,341918,卖盘
09:33:10,55.15,0.03,150,827321,中性盘
09:33:12,55.18,0.03,427,2355434,买盘
09:33:16,55.17,-0.01,208,1147685,卖盘
09:33:18,55.23,0.06,368,2031000,买盘
09:33:22,55.2,-0.03,77,425128,卖盘
09:33:24,55.24,0.04,182,1005215,买盘
09:33:28,55.23,-0.01,214,1182343,卖盘
09:33:30,55.26,0.03,102,563804,中性盘
09:33:34,55.27,0.01,299,1652402,中性盘
09:33:37,55.29,0.02,253,1398659,买盘
09:33:40,55.3,0.01,1070,5915999,买盘
09:33:42,55.31,0.01,195,1078307,买盘
09:33:46,55.3,-0.01,347,1918840,卖盘
09:33:48,55.3,0.0,549,3035790,中性盘
09:33:51,55.3,0.0,669,3699054,买盘
09:33:54,55.27,-0.03,217,1199431,卖盘
09:33:57,55.26,-0.01,217,1199477,卖盘
09:34:01,55.27,0.01,238,1315701,中性盘
09:34:04,55.27,0.0,384,2122638,卖盘
09:34:07,55.26,-0.01,724,4002523,卖盘
09:34:09,55.26,0.0,509,2814695,卖盘
09:34:13,55.28,0.02,461,2548618,买盘
09:34:15,55.32,0.04,164,906874,买盘
09:34:18,55.3,-0.02,813,4497584,卖盘
09:34:21,55.3,0.0,238,1316626,中性盘
09:34:25,55.28,-0.02,125,691334,卖盘
09:34:28,55.27,-0.01,263,1454216,卖盘
09:34:30,55.3,0.03,519,2868987,买盘
09:34:34,55.3,0.0,729,4031142,买盘
09:34:37,55.28,-0.02,169,934398,卖盘
09:34:39,55.3,0.02,348,1923976,买盘
09:34:43,55.3,0.0,342,1890762,卖盘
09:34:45,55.3,0.0,255,1410173,买盘
09:34:49,55.3,0.0,275,1520673,买盘
09:34:52,55.29,-0.01,221,1222017,卖盘
09:34:54,55.3,0.01,254,1404602,买盘
09:34:58,55.3,0.0,283,1564789,买盘
09:35:00,55.27,-0.03,725,4006985,卖盘
09:35:04,55.28,0.01,201,1107927,买盘
09:35:07,55.26,-0.02,189,1044587,卖盘
09:35:10,55.28,0.02,441,2436383,买盘
09:35:12,55.28,0.0,286,1580531,买盘
09:35:15,55.28,0.0,215,1188250,买盘
09:35:19,55.27,-0.01,126,696308,中性盘
09:35:22,55.27,0.0,78,431042,买盘
09:35:25,55.25,-0.02,111,613419,卖盘
09:35:28,55.25,0.0,112,618762,中性盘
09:35:31,55.25,0.0,123,679537,卖盘
09:35:34,55.25,0.0,260,1436412,买盘
09:35:37,55.25,0.0,345,1906042,买盘
09:35:39,55.23,-0.02,82,455814,中性盘
09:35:43,55.22,-0.01,80,441731,中性盘
09:35:45,55.24,0.02,143,789698,买盘
09:35:48,55.2,-0.04,174,960514,卖盘
09:35:52,55.23,0.03,1115,6159206,买盘
09:35:55,55.19,-0.04,209,1154633,卖盘
09:35:58,55.2,0.01,104,574030,买盘
09:36:00,55.17,-0.03,141,778095,卖盘
09:36:04,55.17,0.0,193,1065078,卖盘
09:36:07,55.15,-0.02,110,606422,卖盘
09:36:10,55.15,0.0,122,672866,卖盘
09:36:13,55.16,0.01,331,1824882,买盘
09:36:16,55.11,-0.05,238,1312113,卖盘
09:36:18,55.15,0.04,994,5480173,买盘
09:36:21,55.1,-0.05,178,981660,卖盘
09:36:24,55.11,0.01,72,396912,卖盘
09:36:28,55.12,0.01,287,1581999,中性盘
09:36:31,55.11,-0.01,116,639339,卖盘
09:36:33,55.11,0.0,117,644786,卖盘
09:36:37,55.1,-0.01,344,1895498,卖盘
09:36:40,55.08,-0.02,319,1757664,卖盘
09:36:43,55.09,0.01,126,694093,中性盘
09:36:46,55.06,-0.03,367,2021416,卖盘
09:36:49,55.02,-0.04,1026,5646792,卖盘
09:36:51,55.02,0.0,121,665652,买盘
09:36:55,55.02,0.0,689,3790832,买盘
09:36:58,55.05,0.03,383,2107039,买盘
09:37:00,55.05,0.0,437,2404007,买盘
09:37:04,55.02,-0.03,90,495199,卖盘
09:37:07,55.02,0.0,216,1188814,卖盘
09:37:10,55.05,0.03,143,787199,买盘
09:37:12,55.05,0.0,192,1056905,卖盘
09:37:15,55.05,0.0,835,4599050,买盘
09:37:19,55.06,0.01,277,1524937,买盘
09:37:22,55.03,-0.03,1072,5905215,卖盘
09:37:24,55.05,0.02,363,1999391,中性盘
09:37:28,55.03,-0.02,534,2939430,卖盘
09:37:31,55.05,0.02,72,396338,买盘
09:37:34,55.05,0.0,328,1805352,买盘
09:37:36,55.03,-0.02,217,1194488,卖盘
09:37:40,55.02,-0.01,197,1084294,卖盘
09:37:42,55.06,0.04,253,1392518,买盘
09:37:46,55.04,-0.02,140,770558,中性盘
09:37:48,55.04,0.0,155,853288,卖盘
09:37:52,55.05,0.01,1044,5755029,卖盘
09:37:54,55.1,0.05,184,1012906,中性盘
09:37:58,55.04,-0.06,2492,13708972,卖盘
09:38:00,55.05,0.01,42,231184,买盘
09:38:04,55.05,0.0,161,887051,买盘
09:38:07,55.05,0.0,66,363368,卖盘
09:38:10,55.1,0.05,200,1101106,买盘
09:38:13,55.04,-0.06,79,434924,卖盘
09:38:16,55.1,0.06,155,854014,买盘
09:38:18,55.1,0.0,382,2104857,卖盘
09:38:22,55.09,-0.01,294,1619928,卖盘
09:38:24,55.1,0.01,118,650092,买盘
09:38:28,55.06,-0.04,21,115673,卖盘
09:38:30,55.09,0.03,152,837474,买盘
09:38:33,55.09,0.0,92,506937,卖盘
09:38:36,55.09,0.0,70,385648,卖盘
09:38:39,55.11,0.02,356,1961440,买盘
09:38:43,55.1,-0.01,382,2104695,卖盘
09:38:45,55.1,0.0,125,688733,卖盘
09:38:49,55.11,0.01,82,451887,买盘
09:38:52,55.1,-0.01,218,1201600,卖盘
09:38:55,55.13,0.03,88,485059,买盘
09:38:57,55.11,-0.02,396,2182552,卖盘
09:39:01,55.12,0.01,111,611686,买盘
09:39:04,55.12,0.0,125,688940,买盘
09:39:07,55.12,0.0,73,402387,卖盘
09:39:09,55.14,0.02,132,727645,买盘
09:39:13,55.15,0.01,180,992342,买盘
09:39:16,55.16,0.01,336,1853002,买盘
09:39:19,55.15,-0.01,61,336367,中性盘
09:39:22,55.16,0.01,106,584786,买盘
09:39:25,55.16,0.0,249,1373928,卖盘
09:39:28,55.16,0.0,79,435810,卖盘
09:39:31,55.15,-0.01,105,579181,卖盘
09:39:33,55.15,0.0,295,1627165,卖盘
09:39:36,55.16,0.01,76,419195,买盘
09:39:39,55.15,-0.01,167,921011,卖盘
09:39:42,55.15,0.0,458,2524957,买盘
09:39:45,55.11,-0.04,417,2299550,卖盘
09:39:49,55.13,0.02,62,341788,中性盘
09:39:52,55.15,0.02,173,955253,买盘
09:39:54,55.15,0.0,110,606651,卖盘
09:39:57,55.15,0.0,134,739061,卖盘
09:40:01,55.16,0.01,214,1180272,买盘
09:40:04,55.16,0.0,589,3247068,买盘
09:40:07,55.16,0.0,181,998454,卖盘
09:40:09,55.19,0.03,61,336544,买盘
09:40:13,55.17,-0.02,117,645544,卖盘
09:40:15,55.17,0.0,138,761355,卖盘
09:40:18,55.18,0.01,491,2709059,买盘
09:40:21,55.17,-0.01,158,871855,卖盘
09:40:25,55.17,0.0,189,1042810,卖盘
09:40:27,55.18,0.01,56,309008,买盘
09:40:31,55.18,0.0,646,3565626,卖盘
09:40:33,55.18,0.0,77,424981,卖盘
09:40:37,55.18,0.0,83,458019,卖盘
09:40:41,55.2,0.02,123,678935,买盘
09:40:43,55.2,0.0,295,1627889,买盘
09:40:45,55.2,0.0,203,1120506,买盘
09:40:49,55.21,0.01,141,778288,买盘
09:40:51,55.21,0.0,249,1374535,买盘
09:40:55,55.2,-0.01,74,408507,卖盘
09:40:57,55.22,0.02,48,265005,买盘
09:41:00,55.21,-0.01,538,2970302,卖盘
09:41:04,55.21,0.0,163,899893,卖盘
09:41:07,55.21,0.0,69,380969,卖盘
09:41:10,55.22,0.01,169,933126,买盘
09:41:12,55.22,0.0,179,988422,买盘
09:41:15,55.23,0.01,113,624032,买盘
09:41:19,55.22,-0.01,54,298212,卖盘
09:41:22,55.23,0.01,45,248528,中性盘
09:41:25,55.24,0.01,6,33142,买盘
09:41:27,55.24,0.0,188,1038515,买盘
09:41:31,55.24,0.0,64,353530,中性盘
09:41:34,55.24,0.0,212,1171257,卖盘
09:41:37,55.25,0.01,120,662982,买盘
09:41:39,55.25,0.0,77,425426,卖盘
09:41:43,55.26,0.01,195,1077534,买盘
09:41:46,55.27,0.01,23,127120,买盘
09:41:48,55.28,0.01,172,950645,买盘
09:41:51,55.27,-0.01,87,480813,中性盘
09:41:54,55.28,0.01,144,795989,买盘
09:41:57,55.28,0.0,303,1674869,买盘
09:42:00,55.28,0.0,79,436747,卖盘
09:42:04,55.29,0.01,82,453320,买盘
09:42:07,55.29,0.0,136,751904,买盘
09:42:10,55.29,0.0,251,1387760,买盘
09:42:12,55.29,0.0,71,392545,买盘
09:42:16,55.28,-0.01,572,3162331,卖盘
09:42:18,55.28,0.0,242,1337832,买盘
09:42:22,55.27,-0.01,190,1050147,卖盘
09:42:24,55.28,0.01,183,1011370,买盘
09:42:28,55.29,0.01,142,784926,买盘
09:42:30,55.27,-0.02,141,779351,卖盘
09:42:34,55.28,0.01,455,2515352,买盘
09:42:36,55.25,-0.03,325,1795905,卖盘
09:42:40,55.25,0.0,178,983574,卖盘
09:42:42,55.26,0.01,549,3034862,买盘
09:42:46,55.27,0.01,125,690763,买盘
09:42:48,55.27,0.0,234,1293446,买盘
09:42:51,55.27,0.0,40,221089,卖盘
09:42:54,55.25,-0.02,154,851055,卖盘
09:42:58,55.25,0.0,290,1602244,卖盘
09:43:00,55.25,0.0,87,480659,买盘
09:43:04,55.24,-0.01,153,845223,卖盘
09:43:07,55.25,0.01,55,303835,买盘
09:43:10,55.24,-0.01,60,331420,卖盘
09:43:12,55.23,-0.01,32,176748,卖盘
09:43:15,55.24,0.01,71,392181,买盘
09:43:18,55.25,0.01,205,1132385,买盘
09:43:21,55.23,-0.02,101,557928,卖盘
09:43:25,55.23,0.0,101,557823,买盘
09:43:27,55.22,-0.01,109,602055,卖盘
09:43:31,55.23,0.01,90,497036,中性盘
09:43:33,55.23,0.0,121,668298,卖盘
09:43:37,55.23,0.0,121,668389,卖盘
09:43:39,55.23,0.0,96,530179,卖盘
09:43:43,55.22,-0.01,502,2773123,卖盘
09:43:45,55.22,0.0,438,2418704,卖盘
09:43:49,55.21,-0.01,166,916651,卖盘
09:43:52,55.21,0.0,19,104909,卖盘
09:43:55,55.22,0.01,345,1905323,买盘
09:43:58,55.22,0.0,31,171176,买盘
09:44:01,55.23,0.01,66,364469,中性盘
09:44:04,55.22,-0.01,19,104925,卖盘
09:44:07,55.23,0.01,45,248505,买盘
09:44:10,55.24,0.01,130,717966,买盘
09:44:13,55.24,0.0,45,248503,买盘
09:44:16,55.22,-0.02,114,629607,卖盘
09:44:18,55.23,0.01,112,618519,买盘
09:44:21,55.22,-0.01,83,458378,卖盘
09:44:24,55.22,0.0,80,441788,卖盘
09:44:27,55.23,0.01,160,883603,买盘
09:44:31,55.23,0.0,53,292697,卖盘
09:44:33,55.23,0.0,77,425294,卖盘
09:44:37,55.23,0.0,45,248546,卖盘
09:44:39,55.23,0.0,42,231980,卖盘
09:44:42,55.21,-0.02,309,1706410,卖盘
09:44:45,55.23,0.02,385,2125778,买盘
09:44:49,55.23,0.0,77,425306,卖盘
09:44:52,55.23,0.0,74,408639,买盘
09:44:54,55.23,0.0,382,2108764,买盘
09:44:57,55.23,0.0,69,381005,买盘
09:45:00,55.2,-0.03,53,292589,卖盘
09:45:05,55.21,0.01,290,1601057,买盘
09:45:07,55.19,-0.02,156,861008,卖盘
09:45:10,55.2,0.01,57,314569,买盘
09:45:13,55.18,-0.02,142,783608,卖盘
09:45:15,55.18,0.0,576,3178456,卖盘
09:45:19,55.18,0.0,215,1186253,买盘
09:45:21,55.18,0.0,153,844065,买盘
09:45:25,55.19,0.01,139,766816,买盘
09:45:28,55.19,0.0,129,711714,买盘
09:45:31,55.16,-0.03,168,926698,卖盘
09:45:33,55.15,-0.01,137,755623,卖盘
09:45:37,55.16,0.01,65,358524,买盘
09:45:40,55.15,-0.01,105,578816,卖盘
09:45:42,55.15,0.0,51,281992,卖盘
09:45:45,55.15,0.0,61,336415,买盘
09:45:48,55.14,-0.01,52,286740,卖盘
09:45:52,55.14,0.0,37,203994,买盘
09:45:55,55.13,-0.01,11,60642,卖盘
09:45:57,55.1,-0.03,269,1482356,卖盘
09:46:01,55.11,0.01,187,1030466,中性盘
09:46:05,55.1,-0.01,188,1035897,卖盘
09:46:07,55.1,0.0,21,115702,买盘
09:46:10,55.1,0.0,28,154271,买盘
09:46:12,55.09,-0.01,121,666596,卖盘
09:46:15,55.1,0.01,131,721696,买盘
09:46:19,55.08,-0.02,18,99142,卖盘
09:46:22,55.08,0.0,15,82619,买盘
09:46:25,55.06,-0.02,571,3143755,卖盘
09:46:28,55.07,0.01,225,1239063,买盘
09:46:30,55.09,0.02,249,1371512,买盘
09:46:34,55.05,-0.04,91,501145,卖盘
09:46:37,55.07,0.02,87,479215,卖盘
09:46:40,55.08,0.01,122,671827,买盘
09:46:43,55.06,-0.02,68,374529,卖盘
09:46:45,55.1,0.04,95,523158,买盘
09:46:49,55.07,-0.03,47,258850,中性盘
09:46:52,55.08,0.01,105,578375,买盘
09:46:55,55.08,0.0,51,280921,卖盘
09:46:57,55.07,-0.01,418,2301678,卖盘
09:47:01,55.1,0.03,166,914225,买盘
09:47:05,55.09,-0.01,77,424160,中性盘
09:47:07,55.1,0.01,131,721497,买盘
09:47:09,55.09,-0.01,40,220383,卖盘
09:47:13,55.07,-0.02,53,291935,卖盘
09:47:16,55.08,0.01,34,187292,买盘
09:47:19,55.1,0.02,125,688555,买盘
09:47:22,55.09,-0.01,49,269932,卖盘
09:47:24,55.07,-0.02,62,341561,卖盘
09:47:28,55.1,0.03,140,771251,买盘
09:47:31,55.09,-0.01,97,534440,中性盘
09:47:33,55.1,0.01,222,1222953,买盘
09:47:36,55.08,-0.02,99,545390,中性盘
09:47:40,55.09,0.01,87,479349,买盘
09:47:43,55.1,0.01,144,793006,买盘
09:47:46,55.08,-0.02,372,2049188,卖盘
09:47:48,55.08,0.0,38,209304,买盘
09:47:51,55.09,0.01,56,308513,买盘
09:47:55,55.09,0.0,59,325075,卖盘
09:47:57,55.1,0.01,46,253436,买盘
09:48:01,55.1,0.0,567,3124093,买盘
09:48:04,55.11,0.01,111,611628,买盘
09:48:07,55.11,0.0,89,491304,买盘
09:48:09,55.11,0.0,88,484908,卖盘
09:48:13,55.11,0.0,88,484976,卖盘
09:48:16,55.12,0.01,377,2077662,买盘
09:48:18,55.13,0.01,33,181898,买盘
09:48:22,55.13,0.0,113,622958,买盘
09:48:24,55.13,0.0,8,44104,卖盘
09:48:28,55.13,0.0,106,584419,卖盘
09:48:31,55.13,0.0,229,1262572,卖盘
09:48:33,55.13,0.0,100,551299,买盘
09:48:37,55.13,0.0,101,556801,买盘
09:48:40,55.12,-0.01,32,176415,卖盘
09:48:43,55.13,0.01,106,584377,买盘
09:48:45,55.12,-0.01,308,1697768,卖盘
09:48:48,55.12,0.0,125,689092,卖盘
09:48:52,55.12,0.0,147,810297,卖盘
09:48:55,55.12,0.0,150,826913,买盘
09:48:57,55.12,0.0,58,319647,卖盘
09:49:00,55.12,0.0,51,281112,卖盘
09:49:04,55.12,0.0,104,573138,买盘
09:49:07,55.11,-0.01,87,479540,中性盘
09:49:09,55.12,0.01,88,485663,买盘
09:49:12,55.12,0.0,46,253552,卖盘
09:49:15,55.12,0.0,101,556739,卖盘
09:49:19,55.12,0.0,130,716590,卖盘
09:49:21,55.12,0.0,33,181287,卖盘
09:49:25,55.12,0.0,147,810318,买盘
09:49:28,55.13,0.01,119,656538,买盘
09:49:30,55.14,0.01,47,259155,买盘
09:49:33,55.13,-0.01,48,264635,卖盘
09:49:36,55.13,0.0,48,264640,卖盘
09:49:40,55.13,0.0,34,187465,卖盘
09:49:42,55.14,0.01,71,391496,买盘
09:49:46,55.15,0.01,58,319865,买盘
09:49:48,55.15,0.0,113,623085,买盘
09:49:51,55.15,0.0,63,347433,买盘
09:49:54,55.15,0.0,170,936824,买盘
09:49:58,55.16,0.01,27,148911,买盘
09:50:01,55.16,0.0,40,220630,买盘
09:50:05,55.16,0.0,15,82741,卖盘
09:50:07,55.17,0.01,21,115842,买盘
09:50:10,55.17,0.0,91,502019,买盘
09:50:13,55.17,0.0,77,424765,卖盘
09:50:16,55.15,-0.02,182,1003833,卖盘
09:50:18,55.14,-0.01,273,1505577,卖盘
09:50:21,55.15,0.01,80,441185,买盘
09:50:24,55.15,0.0,35,193023,卖盘
09:50:28,55.15,0.0,56,308794,买盘
09:50:30,55.15,0.0,75,413594,买盘
09:50:34,55.16,0.01,150,827228,买盘
09:50:36,55.14,-0.02,68,375676,卖盘
09:50:40,55.14,0.0,106,584497,买盘
09:50:43,55.13,-0.01,51,281235,卖盘
09:50:45,55.15,0.02,115,633555,买盘
09:50:49,55.14,-0.01,49,270940,卖盘
09:50:52,55.17,0.03,157,865273,买盘
09:50:55,55.15,-0.02,161,887915,卖盘
09:50:57,55.15,0.0,59,325399,卖盘
09:51:00,55.15,0.0,43,237872,卖盘
09:51:04,55.14,-0.01,4,22057,卖盘
09:51:07,55.14,0.0,142,782960,卖盘
09:51:10,55.15,0.01,166,914764,买盘
09:51:12,55.15,0.0,12,66182,卖盘
09:51:15,55.15,0.0,45,248178,卖盘
09:51:19,55.15,0.0,54,297836,卖盘
09:51:21,55.15,0.0,61,336421,卖盘
09:51:24,55.16,0.01,189,1042395,买盘
09:51:28,55.15,-0.01,22,122060,卖盘
09:51:30,55.16,0.01,76,419172,买盘
09:51:33,55.16,0.0,42,231641,买盘
09:51:37,55.18,0.02,207,1141886,买盘
09:51:40,55.16,-0.02,9,49644,卖盘
09:51:42,55.18,0.02,230,1268906,买盘
09:51:46,55.16,-0.02,47,259265,卖盘
09:51:48,55.16,0.0,84,463488,卖盘
09:51:52,55.16,0.0,36,198587,卖盘
09:51:55,55.16,0.0,49,270339,买盘
09:51:57,55.19,0.03,107,590451,买盘
09:52:01,55.17,-0.02,22,121374,卖盘
09:52:05,55.2,0.03,453,2500447,买盘
09:52:07,55.2,0.0,62,342240,卖盘
09:52:10,55.2,0.0,515,2841020,卖盘
09:52:12,55.21,0.01,57,314658,买盘
09:52:16,55.21,0.0,58,320214,卖盘
09:52:18,55.21,0.0,17,93857,卖盘
09:52:21,55.22,0.01,74,408585,买盘
09:52:25,55.2,-0.02,172,949509,卖盘
09:52:28,55.2,0.0,70,386388,买盘
09:52:31,55.21,0.01,40,220809,买盘
09:52:33,55.2,-0.01,65,358838,卖盘
09:52:36,55.2,0.0,91,502420,卖盘
09:52:40,55.2,0.0,61,336745,卖盘
09:52:43,55.2,0.0,28,154585,卖盘
09:52:45,55.21,0.01,138,761861,买盘
09:52:49,55.21,0.0,59,325714,买盘
09:52:52,55.21,0.0,70,386431,买盘
09:52:54,55.2,-0.01,144,794801,卖盘
09:52:58,55.2,0.0,33,182156,买盘
09:53:00,55.2,0.0,109,601752,卖盘
09:53:05,55.2,0.0,69,380887,卖盘
09:53:07,55.2,0.0,160,883192,卖盘
09:53:10,55.19,-0.01,68,375365,卖盘
09:53:13,55.2,0.01,146,805826,买盘
09:53:16,55.19,-0.01,80,441568,中性盘
09:53:19,55.2,0.01,201,1109345,买盘
09:53:21,55.19,-0.01,264,1456481,卖盘
09:53:24,55.18,-0.01,160,883045,卖盘
09:53:27,55.19,0.01,110,607115,买盘
09:53:31,55.19,0.0,20,110365,中性盘
09:53:33,55.18,-0.01,46,253859,中性盘
09:53:37,55.2,0.02,82,452607,买盘
09:53:40,55.18,-0.02,39,215228,中性盘
09:53:43,55.18,0.0,71,391738,买盘
09:53:46,55.19,0.01,79,435948,买盘
09:53:49,55.17,-0.02,85,469079,卖盘
09:53:51,55.18,0.01,126,695135,买盘
09:53:55,55.16,-0.02,152,838785,卖盘
09:53:57,55.17,0.01,49,270353,卖盘
09:54:01,55.16,-0.01,43,237269,卖盘
09:54:04,55.17,0.01,151,833053,买盘
09:54:06,55.16,-0.01,124,684022,中性盘
09:54:09,55.16,0.0,111,612285,卖盘
09:54:13,55.16,0.0,140,772137,买盘
09:54:15,55.16,0.0,140,772211,买盘
09:54:18,55.18,0.02,41,226216,买盘
09:54:21,55.15,-0.03,193,1064397,卖盘
09:54:25,55.16,0.01,265,1461827,买盘
09:54:28,55.16,0.0,104,573665,卖盘
09:54:30,55.16,0.0,48,264846,卖盘
09:54:34,55.18,0.02,70,386136,中性盘
09:54:36,55.17,-0.01,90,496592,卖盘
09:54:40,55.19,0.02,87,480080,买盘
09:54:43,55.17,-0.02,50,275915,卖盘
09:54:45,55.16,-0.01,55,303452,卖盘
09:54:49,55.17,0.01,42,231719,中性盘
09:54:52,55.18,0.01,60,331078,买盘
09:54:55,55.17,-0.01,73,402763,卖盘
09:54:58,55.17,0.0,54,297912,买盘
09:55:01,55.16,-0.01,31,170997,卖盘
09:55:04,55.16,0.0,147,810893,卖盘
09:55:07,55.16,0.0,366,2018501,卖盘
09:55:09,55.16,0.0,116,639875,卖盘
09:55:12,55.12,-0.04,60,330922,卖盘
09:55:15,55.16,0.04,50,275753,买盘
09:55:18,55.12,-0.04,82,452159,卖盘
09:55:22,55.16,0.04,27,148839,买盘
09:55:24,55.12,-0.04,86,474182,卖盘
09:55:28,55.16,0.04,53,292311,买盘
09:55:31,55.15,-0.01,66,363936,买盘
09:55:34,55.16,0.01,102,562411,买盘
09:55:36,55.13,-0.03,7,38589,中性盘
09:55:40,55.15,0.02,132,727916,买盘
09:55:42,55.15,0.0,24,132356,买盘
09:55:45,55.16,0.01,106,584638,买盘
09:55:48,55.16,0.0,43,237146,中性盘
09:55:54,55.15,-0.01,78,430163,买盘
09:55:57,55.15,0.0,73,402615,买盘
09:56:01,55.13,-0.02,86,474250,中性盘
09:56:05,55.15,0.02,11,60661,中性盘
09:56:07,55.13,-0.02,70,386022,卖盘
09:56:09,55.15,0.02,96,529407,买盘
09:56:13,55.13,-0.02,37,203955,中性盘
09:56:15,55.15,0.02,106,584383,买盘
09:56:18,55.13,-0.02,27,148835,中性盘
09:56:22,55.15,0.02,77,424631,买盘
09:56:24,55.13,-0.02,114,628694,卖盘
09:56:28,55.13,0.0,15,82699,卖盘
09:56:30,55.13,0.0,185,1020067,卖盘
09:56:34,55.13,0.0,59,325264,卖盘
09:56:37,55.12,-0.01,34,187441,卖盘
09:56:40,55.13,0.01,232,1278817,买盘
09:56:42,55.13,0.0,49,270171,买盘
09:56:45,55.11,-0.02,83,457430,卖盘
09:56:48,55.11,0.0,15,82685,卖盘
09:56:51,55.12,0.01,28,154314,卖盘
09:56:55,55.11,-0.01,42,231471,卖盘
09:56:58,55.14,0.03,289,1593104,买盘
09:57:01,55.12,-0.02,20,110229,中性盘
09:57:04,55.12,0.0,32,176361,买盘
09:57:07,55.12,0.0,46,253537,买盘
09:57:09,55.14,0.02,53,292146,买盘
09:57:12,55.12,-0.02,56,308698,卖盘
09:57:15,55.12,0.0,27,148824,卖盘
09:57:19,55.12,0.0,446,2458485,卖盘
09:57:22,55.12,0.0,529,2915285,卖盘
09:57:25,55.13,0.01,22,121266,买盘
09:57:27,55.12,-0.01,346,1907959,卖盘
09:57:30,55.12,0.0,30,165360,买盘
09:57:33,55.12,0.0,21,115747,买盘
09:57:36,55.11,-0.01,34,187393,中性盘
09:57:39,55.11,0.0,116,639378,卖盘
09:57:43,55.12,0.01,604,3328285,买盘
09:57:45,55.12,0.0,65,358280,卖盘
09:57:49,55.12,0.0,48,264552,买盘
09:57:51,55.12,0.0,58,319657,买盘
09:57:55,55.12,0.0,54,297604,买盘
09:57:58,55.12,0.0,20,110234,买盘
09:58:01,55.12,0.0,121,666939,买盘
09:58:04,55.12,0.0,28,154325,买盘
09:58:07,55.11,-0.01,421,2320136,卖盘
09:58:09,55.11,0.0,15,82667,买盘
09:58:12,55.11,0.0,96,529029,买盘
09:58:16,55.11,0.0,86,473862,买盘
09:58:19,55.1,-0.01,23,126744,卖盘
09:58:22,55.1,0.0,126,694322,卖盘
09:58:25,55.1,0.0,556,3062947,卖盘
09:58:28,55.1,0.0,77,424270,买盘
09:58:30,55.09,-0.01,62,341587,买盘
09:58:34,55.09,0.0,71,391163,买盘
09:58:36,55.08,-0.01,31,170748,中性盘
09:58:40,55.07,-0.01,11,60582,卖盘
09:58:43,55.07,0.0,71,391065,卖盘
09:58:46,55.07,0.0,114,626290,卖盘
09:58:48,55.06,-0.01,133,732484,卖盘
09:58:52,55.07,0.01,8,44049,买盘
09:58:54,55.06,-0.01,213,1172794,卖盘
09:58:57,55.06,0.0,10,55060,买盘
09:59:01,55.05,-0.01,23,126624,卖盘
09:59:04,55.06,0.01,37,203713,买盘
09:59:07,55.05,-0.01,107,589044,卖盘
09:59:10,55.05,0.0,317,1745147,卖盘
09:59:12,55.05,0.0,141,776213,卖盘
09:59:15,55.06,0.01,349,1921283,买盘
09:59:19,55.05,-0.01,101,556004,卖盘
09:59:22,55.04,-0.01,6,33029,卖盘
09:59:24,55.05,0.01,75,412866,买盘
09:59:28,55.05,0.0,201,1106260,买盘
09:59:30,55.04,-0.01,8,44032,买盘
09:59:34,55.0,-0.04,1066,5863787,卖盘
09:59:36,55.01,0.01,39,214544,卖盘
09:59:39,55.02,0.01,12,66023,买盘
09:59:43,55.02,0.0,57,313566,买盘
09:59:46,55.02,0.0,121,665708,买盘
09:59:49,55.02,0.0,63,346606,买盘
09:59:52,55.03,0.01,76,418103,买盘
09:59:54,55.01,-0.02,40,220058,卖盘
09:59:58,55.01,0.0,62,341024,买盘
10:00:00,55.01,0.0,71,390558,卖盘
10:00:05,55.0,-0.01,133,731541,卖盘
10:00:07,55.01,0.01,102,561027,买盘
10:00:10,55.0,-0.01,80,440058,卖盘
10:00:12,55.0,0.0,383,2106518,卖盘
10:00:16,55.0,0.0,119,654515,卖盘
10:00:19,55.01,0.01,109,599692,买盘
10:00:22,55.0,-0.01,366,2013036,卖盘
10:00:24,55.01,0.01,209,1149522,买盘
10:00:28,55.01,0.0,122,671078,买盘
10:00:30,55.01,0.0,229,1259551,买盘
10:00:34,55.0,-0.01,607,3338364,卖盘
10:00:36,55.0,0.0,93,511541,卖盘
10:00:40,55.0,0.0,597,3283588,卖盘
10:00:42,55.01,0.01,292,1607586,买盘
10:00:46,55.01,0.0,88,484064,买盘
10:00:48,55.01,0.0,77,423574,卖盘
10:00:52,55.0,-0.01,173,951621,卖盘
10:00:55,55.0,0.0,185,1016388,卖盘
10:00:58,55.0,0.0,30,164998,买盘
10:01:00,55.01,0.01,97,536602,买盘
10:01:04,55.0,-0.01,49,269496,卖盘
10:01:07,55.0,0.0,41,225505,卖盘
10:01:09,55.01,0.01,118,649037,买盘
10:01:12,55.0,-0.01,129,709517,卖盘
10:01:15,55.0,0.0,35,190800,买盘
10:01:19,55.01,0.01,40,220007,买盘
10:01:21,55.0,-0.01,43,236511,卖盘
10:01:24,55.0,0.0,29,159507,卖盘
10:01:28,55.0,0.0,64,352003,卖盘
10:01:30,55.0,0.0,111,610855,卖盘
10:01:34,55.0,0.0,106,582714,卖盘
10:01:36,54.99,-0.01,51,280506,卖盘
10:01:40,54.99,0.0,47,258476,卖盘
10:01:42,55.0,0.01,28,153998,买盘
10:01:45,55.02,0.02,112,616102,买盘
10:01:48,55.0,-0.02,140,770422,卖盘
10:01:51,55.0,0.0,124,682007,卖盘
10:01:54,55.0,0.0,65,357555,卖盘
10:01:57,55.01,0.01,61,335513,中性盘
10:02:00,55.02,0.01,148,814378,买盘
10:02:04,55.01,-0.01,150,825105,卖盘
10:02:06,55.01,0.0,61,335519,买盘
10:02:09,55.01,0.0,232,1276772,买盘
10:02:12,55.01,0.0,18,99034,卖盘
10:02:16,55.01,0.0,114,627139,卖盘
10:02:18,55.01,0.0,58,319070,卖盘
10:02:22,55.01,0.0,101,555619,卖盘
10:02:24,55.01,0.0,106,583127,卖盘
10:02:27,55.05,0.04,445,2449379,买盘
10:02:30,55.01,-0.04,154,847585,卖盘
10:02:34,55.05,0.04,23,126607,买盘
10:02:36,55.05,0.0,52,286255,卖盘
10:02:40,55.05,0.0,65,357804,卖盘
10:02:42,55.01,-0.04,493,2713682,卖盘
10:02:45,55.07,0.06,622,3423014,买盘
10:02:48,55.01,-0.06,26,143063,卖盘
10:02:52,55.0,-0.01,465,2558088,卖盘
10:02:55,55.0,0.0,230,1264383,卖盘
10:02:57,54.99,-0.01,152,834517,卖盘
10:03:00,54.99,0.0,121,665366,买盘
10:03:04,54.97,-0.02,305,1676901,卖盘
10:03:07,54.99,0.02,318,1747758,买盘
10:03:10,54.95,-0.04,71,390315,卖盘
10:03:13,54.95,0.0,34,186849,卖盘
10:03:15,54.97,0.02,62,340740,买盘
10:03:18,54.95,-0.02,92,505574,卖盘
10:03:22,54.95,0.0,621,3411824,买盘
10:03:24,54.91,-0.04,175,961536,卖盘
10:03:28,54.93,0.02,77,426672,卖盘
10:03:31,54.9,-0.03,395,2168658,卖盘
10:03:34,54.93,0.03,620,3405689,买盘
10:03:37,54.93,0.0,56,307620,卖盘
10:03:39,54.93,0.0,149,818601,卖盘
10:03:42,54.93,0.0,333,1824102,买盘
10:03:46,54.93,0.0,92,505338,买盘
10:03:48,54.91,-0.02,64,351510,卖盘
10:03:51,54.91,0.0,32,175708,买盘
10:03:55,54.9,-0.01,125,686210,卖盘
10:03:58,54.9,0.0,199,1092360,买盘
10:04:00,54.89,-0.01,343,1882393,中性盘
10:04:04,54.89,0.0,319,1750941,买盘
10:04:07,54.88,-0.01,36,197587,卖盘
10:04:10,54.88,0.0,198,1086403,卖盘
10:04:12,54.86,-0.02,32,175607,卖盘
10:04:16,54.87,0.01,36,197559,买盘
10:04:19,54.86,-0.01,107,587023,卖盘
10:04:21,54.85,-0.01,238,1305434,卖盘
10:04:24,54.84,-0.01,83,455299,卖盘
10:04:27,54.85,0.01,50,274234,买盘
10:04:31,54.83,-0.02,336,1842423,卖盘
10:04:34,54.83,0.0,142,778617,卖盘
10:04:36,54.81,-0.02,1560,8549897,卖盘
10:04:39,54.83,0.02,93,509790,买盘
10:04:42,54.8,-0.03,42,230856,卖盘
10:04:46,54.8,0.0,56,306888,卖盘
10:04:48,54.8,0.0,201,1101650,卖盘
10:04:51,54.79,-0.01,403,2209272,卖盘
10:04:54,54.8,0.01,98,537012,买盘
10:04:58,54.77,-0.03,218,1194381,卖盘
10:05:00,54.8,0.03,220,1204976,买盘
10:05:04,54.77,-0.03,52,284828,卖盘
10:05:06,54.78,0.01,54,295746,买盘
10:05:10,54.75,-0.03,329,1801376,卖盘
10:05:12,54.77,0.02,164,898095,买盘
10:05:15,54.8,0.03,386,2113893,买盘
10:05:19,54.8,0.0,78,427448,卖盘
10:05:21,54.81,0.01,150,822027,买盘
10:05:24,54.81,0.0,62,339791,卖盘
10:05:27,54.8,-0.01,124,679568,卖盘
10:05:30,54.82,0.02,357,1955520,买盘
10:05:34,54.82,0.0,109,597474,买盘
10:05:36,54.8,-0.02,72,394578,卖盘
10:05:40,54.8,0.0,96,526095,买盘
10:05:42,54.82,0.02,190,1041469,买盘
10:05:45,54.82,0.0,16,87767,卖盘
10:05:48,54.83,0.01,82,449598,买盘
10:05:51,54.82,-0.01,63,345312,卖盘
10:05:55,54.83,0.01,90,493439,买盘
10:05:57,54.83,0.0,195,1068826,买盘
10:06:00,54.82,-0.01,85,465974,卖盘
10:06:05,54.82,0.0,104,570123,买盘
10:06:06,54.82,0.0,163,893553,买盘
10:06:09,54.82,0.0,153,838830,买盘
10:06:12,54.82,0.0,138,756500,买盘
10:06:16,54.82,0.0,66,361788,买盘
10:06:18,54.82,0.0,155,852028,买盘
10:06:21,54.81,-0.01,38,208288,卖盘
10:06:24,54.81,0.0,43,235721,卖盘
10:06:27,54.82,0.01,57,312460,买盘
10:06:30,54.82,0.0,158,866109,买盘
10:06:33,54.82,0.0,28,153478,买盘
10:06:37,54.81,-0.01,206,1126676,卖盘
10:06:40,54.8,-0.01,292,1600175,卖盘
10:06:42,54.8,0.0,56,306870,买盘
10:06:46,54.8,0.0,83,454836,买盘
10:06:49,54.8,0.0,85,465791,买盘
10:06:52,54.78,-0.02,100,547886,卖盘
10:06:54,54.78,0.0,17,93136,买盘
10:06:57,54.78,0.0,155,848938,中性盘
10:07:00,54.77,-0.01,120,657216,中性盘
10:07:04,54.8,0.03,199,1090293,买盘
10:07:06,54.75,-0.05,157,859860,卖盘
10:07:09,54.77,0.02,422,2309832,买盘
10:07:12,54.75,-0.02,33,180706,卖盘
10:07:15,54.77,0.02,25,136912,买盘
10:07:18,54.75,-0.02,48,262836,卖盘
10:07:21,54.76,0.01,72,394254,买盘
10:07:25,54.75,-0.01,11,60232,卖盘
10:07:28,54.75,0.0,61,333989,卖盘
10:07:31,54.74,-0.01,176,963281,卖盘
10:07:34,54.73,-0.01,29,158765,卖盘
10:07:36,54.72,-0.01,59,322925,卖盘
10:07:39,54.73,0.01,68,372101,买盘
10:07:42,54.72,-0.01,39,213411,中性盘
10:07:46,54.72,0.0,224,1225574,买盘
10:07:48,54.71,-0.01,176,963001,中性盘
10:07:52,54.7,-0.01,84,459533,卖盘
10:07:55,54.7,0.0,138,754894,卖盘
10:07:58,54.7,0.0,108,590833,卖盘
10:08:00,54.7,0.0,166,908940,卖盘
10:08:05,54.7,0.0,72,393840,买盘
10:08:07,54.69,-0.01,134,732926,卖盘
10:08:10,54.69,0.0,72,393793,卖盘
10:08:12,54.69,0.0,47,257053,卖盘
10:08:15,54.69,0.0,99,541393,买盘
10:08:18,54.7,0.01,131,716445,买盘
10:08:21,54.69,-0.01,57,311715,中性盘
10:08:25,54.69,0.0,28,153128,卖盘
10:08:28,54.69,0.0,185,1011747,买盘
10:08:30,54.69,0.0,123,672611,买盘
10:08:33,54.68,-0.01,260,1421776,卖盘
10:08:37,54.66,-0.02,403,2203058,卖盘
10:08:40,54.66,0.0,31,169446,买盘
10:08:42,54.65,-0.01,43,235015,卖盘
10:08:46,54.66,0.01,24,131164,买盘
10:08:48,54.65,-0.01,80,437214,卖盘
10:08:51,54.65,0.0,217,1185917,卖盘
10:08:54,54.63,-0.02,40,218565,卖盘
10:08:58,54.64,0.01,29,158445,买盘
10:09:00,54.62,-0.02,109,595456,卖盘
10:09:05,54.62,0.0,15,81938,卖盘
10:09:07,54.64,0.02,125,682844,买盘
10:09:09,54.65,0.01,94,513551,买盘
10:09:13,54.63,-0.02,150,819694,中性盘
10:09:15,54.63,0.0,48,262251,卖盘
10:09:19,54.64,0.01,51,278638,买盘
10:09:21,54.63,-0.01,71,387909,卖盘
10:09:25,54.63,0.0,38,205330,买盘
10:09:27,54.63,0.0,85,464395,卖盘
10:09:31,54.65,0.02,286,1565101,买盘
10:09:33,54.65,0.0,69,377049,卖盘
10:09:36,54.67,0.02,218,1192011,买盘
10:09:39,54.67,0.0,78,426376,买盘
10:09:42,54.68,0.01,74,404492,买盘
10:09:45,54.68,0.0,3,16404,卖盘
10:09:48,54.69,0.01,78,426578,买盘
10:09:51,54.69,0.0,81,442958,买盘
10:09:55,54.68,-0.01,137,749330,卖盘
10:09:57,54.69,0.01,27,147682,卖盘
10:10:01,54.73,0.04,97,530697,买盘
10:10:05,54.71,-0.02,4,21886,卖盘
10:10:07,54.73,0.02,96,525376,买盘
10:10:09,54.73,0.0,114,623851,买盘
10:10:12,54.75,0.02,352,1925923,买盘
10:10:15,54.73,-0.02,67,366807,卖盘
10:10:18,54.75,0.02,117,640570,买盘
10:10:22,54.75,0.0,67,366767,卖盘
10:10:25,54.76,0.01,27,147797,买盘
10:10:28,54.76,0.0,47,257340,买盘
10:10:30,54.77,0.01,22,120482,买盘
10:10:33,54.77,0.0,42,230027,买盘
10:10:37,54.77,0.0,232,1271292,买盘
10:10:40,54.78,0.01,70,383404,中性盘
10:10:42,54.8,0.02,62,339736,买盘
10:10:46,54.8,0.0,141,772688,卖盘
10:10:49,54.8,0.0,52,284955,买盘
10:10:52,54.81,0.01,97,531579,买盘
10:10:54,54.82,0.01,432,2367387,买盘
10:10:57,54.81,-0.01,12,65772,中性盘
10:11:00,54.82,0.01,235,1287912,买盘
10:11:04,54.79,-0.03,215,1178501,卖盘
10:11:06,54.79,0.0,207,1134150,买盘
10:11:10,54.8,0.01,108,588722,买盘
10:11:13,54.81,0.01,19,104150,中性盘
10:11:16,54.83,0.02,68,372764,买盘
10:11:19,54.82,-0.01,44,241186,中性盘
10:11:21,54.82,0.0,53,290510,买盘
10:11:24,54.83,0.01,110,603070,买盘
10:11:27,54.84,0.01,35,191927,买盘
10:11:30,54.84,0.0,12,65807,买盘
10:11:34,54.85,0.01,53,290699,买盘
10:11:36,54.85,0.0,139,762417,卖盘
10:11:39,54.85,0.0,21,115183,买盘
10:11:43,54.86,0.01,284,1557859,买盘
10:11:46,54.87,0.01,6,32917,买盘
10:11:49,54.85,-0.02,206,1130048,卖盘
10:11:51,54.89,0.04,76,417101,买盘
10:11:54,54.88,-0.01,30,164664,中性盘
10:11:57,54.88,0.0,72,395168,卖盘
10:12:00,54.89,0.01,40,219555,买盘
10:12:05,54.87,-0.02,177,971389,卖盘
10:12:06,54.9,0.03,31,170145,买盘
10:12:10,54.89,-0.01,12,65871,卖盘
10:12:13,54.9,0.01,27,148216,买盘
10:12:16,54.9,0.0,171,938699,买盘
10:12:19,54.9,0.0,5,27450,卖盘
10:12:21,54.91,0.01,16,87849,买盘
10:12:24,54.9,-0.01,90,494095,卖盘
10:12:28,54.9,0.0,80,439200,买盘
10:12:30,54.9,0.0,38,208609,买盘
10:12:33,54.88,-0.02,431,2365896,卖盘
10:12:36,54.87,-0.01,62,340283,卖盘
10:12:40,54.89,0.02,141,773925,买盘
10:12:42,54.88,-0.01,35,192080,卖盘
10:12:45,54.88,0.0,117,642271,买盘
10:12:49,54.87,-0.01,650,3568283,卖盘
10:12:51,54.87,0.0,132,724238,买盘
10:12:55,54.87,0.0,37,203016,买盘
10:12:57,54.87,0.0,550,3017825,买盘
10:13:00,54.89,0.02,70,384147,买盘
10:13:04,54.87,-0.02,105,576272,卖盘
10:13:06,54.88,0.01,59,323766,中性盘
10:13:09,54.88,0.0,20,109763,卖盘
10:13:12,54.88,0.0,29,159150,卖盘
10:13:15,54.91,0.03,158,867312,买盘
10:13:18,54.89,-0.02,1,5489,卖盘
10:13:22,54.88,-0.01,113,620147,卖盘
10:13:24,54.89,0.01,141,773809,买盘
10:13:28,54.88,-0.01,43,236021,卖盘
10:13:30,54.91,0.03,107,587235,买盘
10:13:33,54.9,-0.01,79,433634,中性盘
10:13:36,54.88,-0.02,44,241506,卖盘
10:13:40,54.89,0.01,21,115254,中性盘
10:13:42,54.9,0.01,187,1026342,买盘
10:13:45,54.89,-0.01,21,115276,卖盘
10:13:48,54.89,0.0,106,581929,卖盘
10:13:51,54.9,0.01,3,16471,中性盘
10:13:55,54.91,0.01,178,977189,买盘
10:13:57,54.91,0.0,71,389787,买盘
10:14:01,54.91,0.0,102,560030,买盘
10:14:05,54.92,0.01,34,186696,买盘
10:14:07,54.9,-0.02,324,1778763,卖盘
10:14:09,54.92,0.02,325,1784768,买盘
10:14:12,54.91,-0.01,68,373364,卖盘
10:14:16,54.89,-0.02,41,225095,卖盘
10:14:19,54.9,0.01,49,269054,中性盘
10:14:21,54.92,0.02,18,98834,中性盘
10:14:24,54.94,0.02,20,109835,买盘
10:14:28,54.92,-0.02,107,587646,卖盘
10:14:31,54.93,0.01,20,109843,中性盘
10:14:34,54.94,0.01,29,159308,买盘
10:14:37,54.92,-0.02,47,258133,卖盘
10:14:39,54.92,0.0,122,669891,买盘
10:14:43,54.94,0.02,328,1801669,买盘
10:14:46,54.94,0.0,131,719714,卖盘
10:14:48,54.93,-0.01,29,159312,卖盘
10:14:52,54.93,0.0,10,54933,卖盘
10:14:55,54.93,0.0,59,324064,买盘
10:14:58,54.92,-0.01,45,247130,卖盘
10:15:01,54.93,0.01,191,1049083,买盘
10:15:04,54.93,0.0,91,499751,买盘
10:15:06,54.92,-0.01,33,181239,卖盘
10:15:09,54.92,0.0,15,82385,卖盘
10:15:13,54.93,0.01,48,263657,买盘
10:15:16,54.92,-0.01,80,439371,卖盘
10:15:19,54.93,0.01,69,378927,买盘
10:15:21,54.94,0.01,199,1093098,买盘
10:15:24,54.93,-0.01,6,32959,卖盘
10:15:28,54.94,0.01,79,434024,买盘
10:15:30,54.94,0.0,3,16483,卖盘
10:15:34,54.94,0.0,13,71425,卖盘
10:15:37,54.94,0.0,40,219766,卖盘
10:15:39,54.94,0.0,225,1236162,卖盘
10:15:42,54.94,0.0,55,302194,卖盘
10:15:46,54.95,0.01,103,565930,买盘
10:15:48,54.94,-0.01,6,32964,中性盘
10:15:51,54.93,-0.01,69,379056,卖盘
10:15:55,54.94,0.01,90,494430,买盘
10:15:57,54.95,0.01,33,181359,卖盘
10:16:01,54.95,0.0,199,1093517,卖盘
10:16:04,54.94,-0.01,113,620938,卖盘
10:16:06,54.98,0.04,135,742124,买盘
10:16:09,54.94,-0.04,75,412096,卖盘
10:16:12,54.94,0.0,28,153832,卖盘
10:16:15,54.93,-0.01,58,318683,卖盘
10:16:19,54.95,0.02,36,197786,买盘
10:16:21,54.93,-0.02,52,285634,卖盘
10:16:24,54.94,0.01,62,340553,买盘
10:16:28,54.93,-0.01,74,406482,卖盘
10:16:31,54.93,0.0,51,280123,买盘
10:16:34,54.91,-0.02,96,527198,卖盘
10:16:37,54.92,0.01,109,598566,买盘
10:16:39,54.92,0.0,89,488823,卖盘
10:16:42,54.92,0.0,6,32955,卖盘
10:16:46,54.92,0.0,93,510758,卖盘
10:16:49,54.92,0.0,88,483303,卖盘
10:16:52,54.92,0.0,76,417394,卖盘
10:16:54,54.92,0.0,23,126316,买盘
10:16:58,54.92,0.0,37,203182,买盘
10:17:00,54.91,-0.01,75,411827,卖盘
10:17:04,54.9,-0.01,502,2755991,卖盘
10:17:07,54.9,0.0,1111,6094977,买盘
10:17:10,54.88,-0.02,21,115242,中性盘
10:17:12,54.9,0.02,288,1581020,买盘
10:17:16,54.9,0.0,46,252541,卖盘
10:17:19,54.91,0.01,159,872946,买盘
10:17:22,54.9,-0.01,80,439189,卖盘
10:17:24,54.9,0.0,14,76860,买盘
10:17:27,54.9,0.0,42,230538,买盘
10:17:31,54.88,-0.02,40,219548,卖盘
10:17:33,54.88,0.0,57,312823,卖盘
10:17:37,54.82,-0.06,67,367561,卖盘
10:17:39,54.82,0.0,21,115146,卖盘
10:17:42,54.85,0.03,35,191948,买盘
10:17:46,54.82,-0.03,159,871824,卖盘
10:17:49,54.82,0.0,84,460802,卖盘
10:17:52,54.84,0.02,38,208482,中性盘
10:17:55,54.82,-0.02,39,213824,卖盘
10:17:58,54.82,0.0,26,142533,卖盘
10:18:00,54.84,0.02,127,696507,买盘
10:18:04,54.88,0.04,66,361891,买盘
10:18:06,54.82,-0.06,21,115127,卖盘
10:18:09,54.82,0.0,20,109675,卖盘
10:18:12,54.83,0.01,17,93211,卖盘
10:18:16,54.83,0.0,16,87732,卖盘
10:18:19,54.83,0.0,114,625085,卖盘
10:18:21,54.84,0.01,85,466058,买盘
10:18:24,54.83,-0.01,28,153541,卖盘
10:18:27,54.84,0.01,74,405806,买盘
10:18:30,54.83,-0.01,195,1069412,卖盘
10:18:33,54.88,0.05,26,142563,买盘
10:18:36,54.88,0.0,19,104220,买盘
10:18:39,54.89,0.01,105,576187,买盘
10:18:42,54.84,-0.05,13,71308,卖盘
10:18:46,54.88,0.04,123,674997,买盘
10:18:49,54.88,0.0,22,120738,卖盘
10:18:51,54.84,-0.04,183,1003951,卖盘
10:18:55,54.83,-0.01,7,38393,卖盘
10:18:57,54.84,0.01,5,27417,中性盘
10:19:01,54.83,-0.01,81,444165,卖盘
10:19:05,54.83,0.0,106,581219,卖盘
10:19:06,54.83,0.0,60,328998,卖盘
10:19:10,54.87,0.04,19,104196,买盘
10:19:12,54.85,-0.02,83,456710,中性盘
10:19:15,54.84,-0.01,214,1173431,卖盘
10:19:19,54.82,-0.02,7,38381,卖盘
10:19:21,54.87,0.05,57,312613,买盘
10:19:24,54.82,-0.05,25,137060,卖盘
10:19:27,54.83,0.01,37,202837,买盘
10:19:30,54.84,0.01,34,186459,买盘
10:19:33,54.83,-0.01,78,427700,卖盘
10:19:36,54.84,0.01,20,109684,买盘
10:19:40,54.84,0.0,12,65817,卖盘
10:19:42,54.87,0.03,5,27429,买盘
10:19:46,54.88,0.01,69,378592,买盘
10:19:49,54.88,0.0,29,159136,买盘
10:19:51,54.85,-0.03,29,159101,卖盘
10:19:55,54.87,0.02,17,93259,买盘
10:19:57,54.85,-0.02,10,54850,卖盘
10:20:01,54.86,0.01,5,27428,中性盘
10:20:04,54.87,0.01,82,449878,买盘
10:20:07,54.84,-0.03,37,202942,卖盘
10:20:09,54.84,0.0,136,745839,卖盘
10:20:12,54.85,0.01,82,449708,买盘
10:20:16,54.84,-0.01,131,718541,卖盘
10:20:19,54.83,-0.01,144,789619,卖盘
10:20:21,54.83,0.0,199,1091140,卖盘
10:20:25,54.84,0.01,313,1716189,买盘
10:20:27,54.83,-0.01,206,1129520,卖盘
10:20:30,54.83,0.0,70,383772,买盘
10:20:33,54.81,-0.02,69,378247,卖盘
10:20:36,54.81,0.0,29,158964,卖盘
10:20:40,54.81,0.0,41,224724,卖盘
10:20:43,54.81,0.0,93,509799,卖盘
10:20:45,54.81,0.0,27,147993,卖盘
10:20:49,54.81,0.0,84,460410,卖盘
10:20:51,54.8,-0.01,141,771278,卖盘
10:20:54,54.8,0.0,17,93167,卖盘
10:20:58,54.81,0.01,30,164411,买盘
10:21:01,54.8,-0.01,387,2125420,卖盘
10:21:04,54.8,0.0,133,728867,卖盘
10:21:07,54.8,0.0,595,3256152,卖盘
10:21:09,54.81,0.01,206,1129740,买盘
10:21:12,54.81,0.0,173,948468,卖盘
10:21:15,54.81,0.0,86,471409,卖盘
10:21:18,54.81,0.0,45,246662,卖盘
10:21:22,54.81,0.0,52,285012,卖盘
10:21:25,54.77,-0.04,771,4224181,卖盘
10:21:28,54.77,0.0,16,87631,买盘
10:21:31,54.76,-0.01,5,27380,卖盘
10:21:34,54.77,0.01,84,460024,买盘
10:21:37,54.76,-0.01,9,49276,中性盘
10:21:39,54.75,-0.01,21,114990,卖盘
10:21:42,54.75,0.0,49,268279,卖盘
10:21:46,54.74,-0.01,392,2145607,卖盘
10:21:49,54.74,0.0,86,470834,卖盘
10:21:51,54.74,0.0,106,580240,卖盘
10:21:55,54.74,0.0,49,268186,买盘
10:21:58,54.73,-0.01,34,186094,卖盘
10:22:01,54.7,-0.03,795,4352544,卖盘
10:22:04,54.7,0.0,249,1360672,卖盘
10:22:07,54.7,0.0,51,280338,买盘
10:22:09,54.68,-0.02,334,1827612,卖盘
10:22:12,54.7,0.02,26,142195,买盘
10:22:16,54.66,-0.04,201,1098936,卖盘
10:22:18,54.68,0.02,31,169468,买盘
10:22:21,54.66,-0.02,46,251472,卖盘
10:22:25,54.66,0.0,42,229574,卖盘
10:22:27,54.65,-0.01,104,567080,卖盘
10:22:30,54.61,-0.04,547,2988092,卖盘
10:22:34,54.61,0.0,13,71005,卖盘
10:22:37,54.61,0.0,26,142005,卖盘
10:22:39,54.61,0.0,334,1823774,卖盘
10:22:43,54.6,-0.01,526,2872103,卖盘
10:22:45,54.6,0.0,95,518700,买盘
10:22:49,54.6,0.0,236,1288522,买盘
10:22:51,54.59,-0.01,17,92794,买盘
10:22:55,54.59,0.0,57,311135,买盘
10:22:57,54.59,0.0,39,212889,买盘
10:23:00,54.55,-0.04,318,1734970,卖盘
10:23:04,54.55,0.0,219,1194562,买盘
10:23:07,54.54,-0.01,253,1379839,卖盘
10:23:10,54.53,-0.01,86,468992,卖盘
10:23:12,54.53,0.0,412,2245998,卖盘
10:23:15,54.52,-0.01,196,1068833,中性盘
10:23:19,54.52,0.0,217,1183005,买盘
10:23:21,54.51,-0.01,1132,6170381,卖盘
10:23:25,54.52,0.01,107,583260,买盘
10:23:28,54.51,-0.01,212,1157618,卖盘
10:23:30,54.5,-0.01,460,2510206,卖盘
10:23:34,54.51,0.01,1185,6459319,中性盘
10:23:36,54.52,0.01,136,741236,买盘
10:23:39,54.51,-0.01,687,3745968,中性盘
10:23:43,54.5,-0.01,127,692246,卖盘
10:23:45,54.5,0.0,313,1706119,卖盘
10:23:48,54.52,0.02,158,861151,中性盘
10:23:52,54.53,0.01,19,103594,买盘
10:23:55,54.52,-0.01,131,714021,中性盘
10:23:58,54.51,-0.01,38,207168,卖盘
10:24:00,54.51,0.0,179,975599,卖盘
10:24:04,54.51,0.0,252,1373468,买盘
10:24:07,54.53,0.02,605,3298251,买盘
10:24:10,54.5,-0.03,224,1220853,卖盘
10:24:12,54.5,0.0,46,250700,买盘
10:24:15,54.49,-0.01,76,414171,卖盘
10:24:18,54.53,0.04,55,299793,买盘
10:24:22,54.51,-0.02,94,512338,中性盘
10:24:24,54.49,-0.02,172,937453,卖盘
10:24:28,54.5,0.01,76,414142,买盘
10:24:30,54.5,0.0,68,370604,卖盘
10:24:33,54.49,-0.01,106,577581,卖盘
10:24:36,54.49,0.0,83,452233,买盘
10:24:40,54.49,0.0,126,686611,买盘
10:24:42,54.49,0.0,86,468592,买盘
10:24:45,54.48,-0.01,245,1334848,卖盘
10:24:49,54.49,0.01,41,223399,买盘
10:24:52,54.48,-0.01,39,209875,卖盘
10:24:55,54.49,0.01,145,789940,买盘
10:24:57,54.48,-0.01,82,446777,卖盘
10:25:00,54.48,0.0,52,283295,买盘
10:25:04,54.48,0.0,224,1220059,买盘
10:25:07,54.48,0.0,150,817055,买盘
10:25:09,54.47,-0.01,311,1692400,卖盘
10:25:12,54.47,0.0,163,887668,买盘
10:25:15,54.47,0.0,108,588152,买盘
10:25:18,54.46,-0.01,107,582827,中性盘
10:25:22,54.48,0.02,22,119841,买盘
10:25:24,54.48,0.0,69,375851,中性盘
10:25:27,54.48,0.0,32,174321,买盘
10:25:30,54.49,0.01,119,648370,买盘
10:25:34,54.49,0.0,39,212495,买盘
10:25:36,54.49,0.0,66,359657,买盘
10:25:39,54.5,0.01,72,392455,买盘
10:25:42,54.5,0.0,47,256156,卖盘
10:25:45,54.53,0.03,195,1062896,买盘
10:25:49,54.53,0.0,36,196268,买盘
10:25:52,54.53,0.0,564,3073264,买盘
10:25:54,54.54,0.01,122,665255,买盘
10:25:57,54.55,0.01,85,463635,买盘
10:26:01,54.55,0.0,40,218218,卖盘
10:26:05,54.59,0.04,75,409366,买盘
10:26:06,54.6,0.01,40,218358,买盘
10:26:09,54.9,0.3,855,4679605,买盘
10:26:12,54.62,-0.28,13,71125,中性盘
10:26:16,54.88,0.26,60,328812,买盘
10:26:18,54.7,-0.18,26,142329,卖盘
10:26:21,54.72,0.02,37,202402,中性盘
10:26:24,54.73,0.01,50,273937,买盘
10:26:27,54.72,-0.01,7,38302,中性盘
10:26:30,54.87,0.15,312,1710874,买盘
10:26:33,54.87,0.0,46,252412,卖盘
10:26:37,54.88,0.01,87,477398,买盘
10:26:40,54.87,-0.01,11,60357,卖盘
10:26:43,54.87,0.0,80,438949,卖盘
10:26:45,54.88,0.01,149,817571,买盘
10:26:49,54.87,-0.01,138,757212,中性盘
10:26:51,54.86,-0.01,36,197504,卖盘
10:26:54,54.8,-0.06,656,3599993,卖盘
10:26:57,54.86,0.06,274,1503161,买盘
10:27:01,54.86,0.0,76,416936,买盘
10:27:04,54.87,0.01,99,543127,买盘
10:27:07,54.85,-0.02,24,131613,卖盘
10:27:10,54.81,-0.04,28,153576,卖盘
10:27:13,54.8,-0.01,266,1457975,卖盘
10:27:15,54.8,0.0,85,465794,买盘
10:27:19,54.8,0.0,35,191756,买盘
10:27:22,54.77,-0.03,56,306805,卖盘
10:27:24,54.7,-0.07,483,2642414,卖盘
10:27:27,54.68,-0.02,33,180469,中性盘
10:27:31,54.69,0.01,16,87490,中性盘
10:27:33,54.7,0.01,448,2450521,买盘
10:27:37,54.75,0.05,121,661898,买盘
10:27:39,54.7,-0.05,41,224387,卖盘
10:27:43,54.7,0.0,15,82064,卖盘
10:27:45,54.78,0.08,25,136950,买盘
10:27:49,54.78,0.0,141,771842,卖盘
10:27:52,54.78,0.0,18,98610,卖盘
10:27:55,54.79,0.01,28,153406,买盘
10:27:57,54.77,-0.02,10,54784,卖盘
10:28:00,54.77,0.0,41,224594,卖盘
10:28:04,54.78,0.01,90,492976,买盘
10:28:07,54.78,0.0,57,312220,卖盘
10:28:09,54.78,0.0,49,268465,中性盘
10:28:13,54.77,-0.01,33,180753,卖盘
10:28:15,54.74,-0.03,40,219070,卖盘
10:28:18,54.71,-0.03,15,82098,卖盘
10:28:21,54.71,0.0,29,158767,卖盘
10:28:25,54.7,-0.01,34,186021,卖盘
10:28:27,54.73,0.03,9,49247,中性盘
10:28:31,54.72,-0.01,99,541649,中性盘
10:28:34,54.68,-0.04,322,1761348,卖盘
10:28:37,54.68,0.0,34,185946,卖盘
10:28:40,54.7,0.02,52,284379,买盘
10:28:42,54.7,0.0,58,319989,买盘
10:28:45,54.68,-0.02,238,1303367,卖盘
10:28:49,54.79,0.11,116,634846,买盘
10:28:51,54.71,-0.08,24,131455,卖盘
10:28:54,54.65,-0.06,37,202437,卖盘
10:28:57,54.71,0.06,11,60181,中性盘
10:29:00,54.7,-0.01,31,169571,卖盘
10:29:04,54.7,0.0,143,782172,买盘
10:29:07,54.7,0.0,52,284405,买盘
10:29:10,54.7,0.0,39,213325,买盘
10:29:13,54.66,-0.04,10,54662,卖盘
10:29:16,54.66,0.0,120,656212,卖盘
10:29:18,54.66,0.0,38,207710,卖盘
10:29:22,54.7,0.04,184,1006182,买盘
10:29:24,54.7,0.0,47,257023,买盘
10:29:28,54.65,-0.05,179,978486,卖盘
10:29:30,54.7,0.05,188,1028356,买盘
10:29:33,54.67,-0.03,342,1870691,中性盘
10:29:37,54.7,0.03,68,371934,买盘
10:29:39,54.66,-0.04,21,114813,卖盘
10:29:42,54.68,0.02,63,344441,买盘
10:29:45,54.68,0.0,32,174963,买盘
10:29:48,54.66,-0.02,116,634070,卖盘
10:29:52,54.68,0.02,67,366307,买盘
10:29:55,54.68,0.0,37,202273,买盘
10:29:57,54.68,0.0,33,180415,买盘
10:30:00,54.63,-0.05,285,1554736,卖盘
10:30:04,54.62,-0.01,101,551750,卖盘
10:30:07,54.63,0.01,61,333237,买盘
10:30:10,54.63,0.0,37,202129,买盘
10:30:12,54.62,-0.01,235,1283707,卖盘
10:30:15,54.63,0.01,47,256743,买盘
10:30:18,54.63,0.0,42,229406,买盘
10:30:21,54.62,-0.01,90,491545,买盘
10:30:24,54.61,-0.01,79,431428,卖盘
10:30:28,54.62,0.01,44,240367,买盘
10:30:31,54.62,0.0,8,43697,卖盘
10:30:33,54.61,-0.01,74,404214,卖盘
10:30:36,54.63,0.02,20,109252,买盘
10:30:39,54.63,0.0,107,584534,买盘
10:30:42,54.63,0.0,318,1736890,买盘
10:30:46,54.62,-0.01,34,185715,卖盘
10:30:49,54.7,0.08,286,1566906,买盘
10:30:51,54.7,0.0,3,16410,卖盘
10:30:54,54.7,0.0,69,377450,卖盘
10:30:58,54.65,-0.05,133,727260,卖盘
10:31:00,54.65,0.0,4,21860,买盘
10:31:04,54.65,0.0,160,874370,买盘
10:31:07,54.63,-0.02,14,76504,卖盘
10:31:10,54.65,0.02,91,497261,买盘
10:31:13,54.64,-0.01,234,1275979,中性盘
10:31:15,54.63,-0.01,83,453538,中性盘
10:31:18,54.63,0.0,63,344168,卖盘
10:31:22,54.64,0.01,78,426232,买盘
10:31:24,54.63,-0.01,112,612022,卖盘
10:31:28,54.64,0.01,37,202199,中性盘
10:31:30,54.63,-0.01,55,300525,卖盘
10:31:33,54.64,0.01,18,98363,中性盘
10:31:37,54.64,0.0,73,398854,买盘
10:31:39,54.64,0.0,29,158443,买盘
10:31:42,54.64,0.0,56,305973,买盘
10:31:46,54.63,-0.01,43,234949,卖盘
10:31:49,54.64,0.01,19,103813,买盘
10:31:51,54.63,-0.01,142,775879,卖盘
10:31:55,54.65,0.02,83,453571,买盘
10:31:57,54.7,0.05,605,3309336,买盘
10:32:01,54.7,0.0,53,289936,卖盘
10:32:04,54.71,0.01,41,224278,买盘
10:32:07,54.7,-0.01,41,221584,卖盘
10:32:09,54.78,0.08,47,259958,买盘
10:32:13,54.7,-0.08,4,21880,中性盘
10:32:15,54.66,-0.04,68,372019,卖盘
10:32:19,54.78,0.12,9,49291,买盘
10:32:21,54.78,0.0,39,213589,买盘
10:32:25,54.7,-0.08,52,284749,卖盘
10:32:28,54.78,0.08,12,65736,中性盘
10:32:30,54.77,-0.01,26,142460,卖盘
10:32:34,54.8,0.03,63,345168,买盘
10:32:37,54.79,-0.01,84,460286,中性盘
10:32:40,54.8,0.01,111,608241,买盘
10:32:42,54.8,0.0,76,414105,买盘
10:32:45,54.8,0.0,38,208217,卖盘
10:32:48,54.8,0.0,36,199632,卖盘
10:32:52,54.8,0.0,80,435961,买盘
10:32:55,54.77,-0.03,141,774789,卖盘
10:32:57,54.71,-0.06,60,328546,卖盘
10:33:00,54.78,0.07,58,317674,买盘
10:33:04,54.71,-0.07,95,520134,卖盘
10:33:07,54.7,-0.01,56,306322,卖盘
10:33:09,54.71,0.01,58,317436,买盘
10:33:13,54.8,0.09,154,843604,买盘
10:33:15,54.72,-0.08,73,399808,卖盘
10:33:18,54.8,0.08,28,153314,买盘
10:33:21,54.77,-0.03,23,125989,中性盘
10:33:24,54.73,-0.04,87,476600,卖盘
10:33:27,54.79,0.06,19,104093,买盘
10:33:30,54.73,-0.06,31,169760,卖盘
10:33:33,54.8,0.07,51,279393,买盘
10:33:36,54.79,-0.01,4,21910,中性盘
10:33:40,54.75,-0.04,339,1855923,卖盘
10:33:42,54.77,0.02,68,372444,中性盘
10:33:45,54.76,-0.01,8,43812,卖盘
10:33:49,54.79,0.03,14,76690,买盘
10:33:51,54.79,0.0,45,246547,买盘
10:33:55,54.79,0.0,374,2049440,买盘
10:33:57,54.8,0.01,435,2381444,买盘
10:34:01,54.8,0.0,85,465831,卖盘
10:34:05,54.8,0.0,60,331180,卖盘
10:34:07,54.8,0.0,22,120560,买盘
10:34:10,54.8,0.0,50,273999,买盘
10:34:12,54.8,0.0,22,120542,买盘
10:34:16,54.8,0.0,179,978497,买盘
10:34:18,54.79,-0.01,336,1840922,卖盘
10:34:21,54.78,-0.01,85,465665,卖盘
10:34:24,54.79,0.01,113,619108,买盘
10:34:27,54.79,0.0,57,312292,买盘
10:34:30,54.77,-0.02,75,413172,卖盘
10:34:33,54.77,0.0,35,191681,买盘
10:34:36,54.76,-0.01,45,246433,卖盘
10:34:39,54.76,0.0,19,104057,卖盘
10:34:43,54.75,-0.01,200,1094335,卖盘
10:34:45,54.76,0.01,63,344937,买盘
10:34:48,54.73,-0.03,33,180630,卖盘
10:34:51,54.78,0.05,69,377772,买盘
10:34:54,54.68,-0.1,13,71150,卖盘
10:34:58,54.75,0.07,14,76634,中性盘
10:35:01,54.76,0.01,22,120478,中性盘
10:35:04,54.78,0.02,42,230058,买盘
10:35:07,54.75,-0.03,409,2241315,卖盘
10:35:09,54.73,-0.02,38,208048,卖盘
10:35:13,54.75,0.02,6,32850,中性盘
10:35:16,54.75,0.0,45,246394,买盘
10:35:18,54.75,0.0,42,229904,中性盘
10:35:22,54.75,0.0,12,65695,买盘
10:35:25,54.76,0.01,47,257344,买盘
10:35:27,54.76,0.0,10,54760,卖盘
10:35:30,54.79,0.03,35,191744,买盘
10:35:34,54.8,0.01,30,164395,买盘
10:35:37,54.8,0.0,10,54807,卖盘
10:35:39,54.8,0.0,10,54800,卖盘
10:35:42,54.81,0.01,78,427506,买盘
10:35:45,54.8,-0.01,38,208252,卖盘
10:35:49,54.8,0.0,8,43834,中性盘
10:35:52,54.8,0.0,49,268514,买盘
10:35:55,54.8,0.0,103,564439,买盘
10:35:57,54.82,0.02,25,137003,买盘
10:36:01,54.79,-0.03,61,334248,卖盘
10:36:04,54.8,0.01,12,65755,买盘
10:36:07,54.81,0.01,29,158964,买盘
10:36:09,54.8,-0.01,7,38364,卖盘
10:36:12,54.8,0.0,58,317881,卖盘
10:36:15,54.81,0.01,40,219238,卖盘
10:36:18,54.81,0.0,50,274040,买盘
10:36:22,54.82,0.01,68,370449,买盘
10:36:24,54.87,0.05,329,1804530,买盘
10:36:27,54.86,-0.01,361,1980352,中性盘
10:36:30,54.86,0.0,30,164556,卖盘
10:36:34,54.81,-0.05,95,520714,卖盘
10:36:37,54.85,0.04,81,444043,买盘
10:36:40,54.84,-0.01,68,372880,中性盘
10:36:43,54.81,-0.03,61,334367,卖盘
10:36:45,54.81,0.0,39,213870,卖盘
10:36:48,54.8,-0.01,88,482274,卖盘
10:36:51,54.86,0.06,150,822196,买盘
10:36:55,54.8,-0.06,155,852783,卖盘
10:36:58,54.8,0.0,156,854940,买盘
10:37:00,54.8,0.0,63,345306,买盘
10:37:04,54.8,0.0,43,235706,中性盘
10:37:07,54.8,0.0,78,427446,卖盘
10:37:10,54.85,0.05,52,284891,买盘
10:37:12,54.79,-0.06,16,87662,卖盘
10:37:15,54.8,0.01,65,356144,买盘
10:37:18,54.77,-0.03,74,405407,卖盘
10:37:21,54.77,0.0,62,339701,卖盘
10:37:25,54.84,0.07,73,400023,买盘
10:37:27,54.8,-0.04,37,202760,卖盘
10:37:30,54.78,-0.02,21,115065,卖盘
10:37:33,54.78,0.0,55,301361,卖盘
10:37:36,54.8,0.02,94,514951,买盘
10:37:39,54.78,-0.02,50,273869,买盘
10:37:43,54.8,0.02,80,438337,买盘
10:37:45,54.77,-0.03,51,279346,卖盘
10:37:48,54.78,0.01,28,153387,卖盘
10:37:51,54.79,0.01,55,301250,买盘
10:37:54,54.75,-0.04,88,482121,卖盘
10:37:58,54.78,0.03,35,191742,买盘
10:38:01,54.78,0.0,24,131511,卖盘
10:38:04,54.77,-0.01,28,153355,卖盘
10:38:06,54.78,0.01,42,230019,买盘
10:38:09,54.76,-0.02,34,186231,卖盘
10:38:13,54.78,0.02,96,525872,买盘
10:38:15,54.76,-0.02,182,996616,卖盘
10:38:18,54.75,-0.01,9,49275,卖盘
10:38:22,54.76,0.01,19,104043,买盘
10:38:24,54.76,0.0,51,279237,买盘
10:38:28,54.8,0.04,346,1895592,买盘
10:38:30,54.8,0.0,26,142480,卖盘
10:38:33,54.82,0.02,1,5482,买盘
10:38:37,54.84,0.02,158,866016,买盘
10:38:39,54.85,0.01,365,2001947,买盘
10:38:42,54.82,-0.03,29,158930,买盘
10:38:45,54.84,0.02,5,27419,卖盘
10:38:49,54.84,0.0,9,49352,卖盘
10:38:52,54.84,0.0,40,219362,买盘
10:38:54,54.84,0.0,61,334479,买盘
10:38:58,54.83,-0.01,114,625219,卖盘
10:39:00,54.82,-0.01,14,76753,卖盘
10:39:04,54.82,0.0,26,142537,卖盘
10:39:07,54.83,0.01,26,142557,买盘
10:39:09,54.82,-0.01,26,142546,卖盘
10:39:12,54.85,0.03,70,383762,买盘
10:39:15,54.85,0.0,63,345441,买盘
10:39:18,54.81,-0.04,43,235703,卖盘
10:39:21,54.87,0.06,153,839383,买盘
10:39:25,54.83,-0.04,22,120662,卖盘
10:39:28,54.88,0.05,188,1030518,买盘
10:39:31,54.83,-0.05,262,1439015,卖盘
10:39:34,54.87,0.04,59,322662,卖盘
10:39:37,54.85,-0.02,18,98764,买盘
10:39:43,54.85,0.0,13,71323,卖盘
10:39:46,54.88,0.03,27,148157,买盘
10:39:49,54.88,0.0,14,76835,卖盘
10:39:51,54.89,0.01,42,230533,买盘
10:39:55,54.8,-0.09,243,1332624,卖盘
10:39:58,54.88,0.08,23,126176,买盘
10:40:00,54.89,0.01,13,71357,买盘
10:40:05,54.89,0.0,54,296355,买盘
10:40:07,54.88,-0.01,32,175488,中性盘
10:40:10,54.8,-0.08,94,515417,卖盘
10:40:12,54.8,0.0,81,445243,卖盘
10:40:16,54.8,0.0,23,126014,买盘
10:40:18,54.8,0.0,19,103125,买盘
10:40:21,54.8,0.0,117,642594,卖盘
10:40:25,54.79,-0.01,74,405505,中性盘
10:40:27,54.8,0.01,42,230149,买盘
10:40:31,54.8,0.0,3,16438,买盘
10:40:33,54.8,0.0,50,273997,买盘
10:40:36,54.8,0.0,43,235638,买盘
10:40:39,54.8,0.0,19,104164,卖盘
10:40:42,54.8,0.0,54,296214,卖盘
10:40:46,54.8,0.0,5,27404,卖盘
10:40:48,54.8,0.0,42,230449,卖盘
10:40:51,54.87,0.07,59,323425,中性盘
10:40:54,54.86,-0.01,12,65815,中性盘
10:40:58,54.86,0.0,5,27414,买盘
10:41:00,54.81,-0.05,18,98694,卖盘
10:41:04,54.86,0.05,22,120672,买盘
10:41:07,54.81,-0.05,34,186480,卖盘
10:41:10,54.83,0.02,124,680301,中性盘
10:41:13,54.88,0.05,26,142656,中性盘
10:41:15,54.89,0.01,115,631069,买盘
10:41:18,54.88,-0.01,79,433552,卖盘
10:41:22,54.88,0.0,592,3249607,卖盘
10:41:24,54.88,0.0,50,274401,卖盘
10:41:28,54.87,-0.01,56,307318,卖盘
10:41:31,54.89,0.02,37,203083,买盘
10:41:34,54.88,-0.01,48,263406,卖盘
10:41:36,54.88,0.0,54,296333,买盘
10:41:39,54.89,0.01,22,120745,买盘
10:41:42,54.87,-0.02,63,345713,卖盘
10:41:45,54.87,0.0,27,148170,卖盘
10:41:48,54.89,0.02,77,422555,买盘
10:41:52,54.88,-0.01,28,153662,卖盘
10:41:55,54.86,-0.02,24,131666,卖盘
10:41:57,54.88,0.02,59,323802,买盘
10:42:01,54.86,-0.02,37,203018,卖盘
10:42:04,54.89,0.03,79,433454,买盘
10:42:07,54.89,0.0,66,362307,卖盘
10:42:10,54.89,0.0,220,1207580,卖盘
10:42:12,54.9,0.01,142,779394,买盘
10:42:15,54.85,-0.05,84,460769,卖盘
10:42:18,54.89,0.04,152,834214,买盘
10:42:21,54.84,-0.05,46,252481,卖盘
10:42:25,54.83,-0.01,47,257746,卖盘
10:42:27,54.83,0.0,68,372775,卖盘
10:42:31,54.8,-0.03,53,290480,卖盘
10:42:33,54.83,0.03,174,953656,买盘
10:42:36,54.81,-0.02,102,559021,中性盘
10:42:39,54.88,0.07,32,175426,买盘
10:42:43,54.81,-0.07,16,87704,卖盘
10:42:46,54.81,0.0,16,87753,卖盘
10:42:49,54.82,0.01,25,137043,中性盘
10:42:52,54.81,-0.01,33,180884,卖盘
10:42:55,54.82,0.01,28,153487,买盘
10:42:58,54.81,-0.01,40,219275,卖盘
10:43:01,54.8,-0.01,56,306952,卖盘
10:43:04,54.82,0.02,27,148010,卖盘
10:43:07,54.8,-0.02,35,191817,卖盘
10:43:10,54.8,0.0,63,345309,卖盘
10:43:12,54.82,0.02,182,997520,买盘
10:43:15,54.82,0.0,73,400071,买盘
10:43:19,54.81,-0.01,8,43848,中性盘
10:43:22,54.82,0.01,56,306955,买盘
10:43:24,54.8,-0.02,18,98651,卖盘
10:43:28,54.8,0.0,35,191804,卖盘
10:43:31,54.81,0.01,31,169892,买盘
10:43:34,54.82,0.01,201,1101534,买盘
10:43:37,54.81,-0.01,92,504292,中性盘
10:43:40,54.87,0.06,65,356312,买盘
10:43:42,54.81,-0.06,5,27402,中性盘
10:43:45,54.82,0.01,20,109624,买盘
10:43:48,54.81,-0.01,64,350747,卖盘
10:43:51,54.82,0.01,39,213781,买盘
10:43:54,54.86,0.04,64,350850,买盘
10:43:58,54.81,-0.05,49,268748,卖盘
10:44:01,54.81,0.0,32,175405,卖盘
10:44:05,54.81,0.0,47,257627,卖盘
10:44:07,54.79,-0.02,124,679803,卖盘
10:44:09,54.87,0.08,91,499097,买盘
10:44:12,54.86,-0.01,38,208284,中性盘
10:44:15,54.78,-0.08,75,411157,卖盘
10:44:18,54.84,0.06,20,109579,中性盘
10:44:21,54.78,-0.06,21,115099,卖盘
10:44:24,54.87,0.09,43,235905,买盘
10:44:28,54.85,-0.02,15,82208,买盘
10:44:31,54.86,0.01,85,466219,买盘
10:44:33,54.86,0.0,18,98735,买盘
10:44:36,54.87,0.01,35,192015,买盘
10:44:40,54.86,-0.01,119,652925,卖盘
10:44:42,54.87,0.01,35,192032,买盘
10:44:46,54.87,0.0,2,10973,买盘
10:44:48,54.86,-0.01,27,148113,卖盘
10:44:52,54.86,0.0,29,159069,买盘
10:44:55,54.86,0.0,8,43878,买盘
10:44:57,54.84,-0.02,57,312596,卖盘
10:45:00,54.86,0.02,50,274261,买盘
10:45:05,54.81,-0.05,31,169986,卖盘
10:45:07,54.81,0.0,29,159011,卖盘
10:45:10,54.83,0.02,85,465951,买盘
10:45:12,54.84,0.01,12,65773,买盘
10:45:16,54.8,-0.04,12,65752,中性盘
10:45:18,54.8,0.0,32,175371,买盘
10:45:22,54.82,0.02,9,49336,买盘
10:45:24,54.82,0.0,5,27410,买盘
10:45:27,54.8,-0.02,19,104121,卖盘
10:45:31,54.81,0.01,8,43849,中性盘
10:45:33,54.8,-0.01,31,169900,卖盘
10:45:36,54.82,0.02,47,257631,买盘
10:45:39,54.82,0.0,2,10964,买盘
10:45:42,54.8,-0.02,107,586590,卖盘
10:45:46,54.78,-0.02,35,191781,卖盘
10:45:48,54.8,0.02,5,27400,买盘
10:45:51,54.78,-0.02,16,87674,卖盘
10:45:54,54.8,0.02,44,241034,买盘
10:45:57,54.82,0.02,120,657772,买盘
10:46:01,54.82,0.0,82,449526,卖盘
10:46:05,54.82,0.0,9,49340,卖盘
10:46:07,54.82,0.0,8,43860,买盘
10:46:10,54.82,0.0,48,263164,买盘
10:46:12,54.82,0.0,77,422131,卖盘
10:46:15,54.85,0.03,88,482566,买盘
10:46:18,54.79,-0.06,45,246679,卖盘
10:46:21,54.8,0.01,15,82212,中性盘
10:46:24,54.8,0.0,7,38360,买盘
10:46:27,54.8,0.0,35,191866,卖盘
10:46:30,54.79,-0.01,126,690445,卖盘
10:46:33,54.79,0.0,45,246555,买盘
10:46:37,54.79,0.0,62,339697,买盘
10:46:39,54.78,-0.01,34,186283,卖盘
10:46:43,54.79,0.01,62,339681,买盘
10:46:46,54.79,0.0,13,71215,买盘
10:46:48,54.78,-0.01,6,32868,买盘
10:46:51,54.78,0.0,18,98602,中性盘
10:46:55,54.79,0.01,17,93121,买盘
10:46:57,54.79,0.0,15,82185,买盘
10:47:04,54.8,0.01,29,158905,买盘
10:47:07,54.8,0.0,28,153429,买盘
10:47:10,54.78,-0.02,33,180789,卖盘
10:47:12,54.86,0.08,369,2022982,买盘
10:47:16,54.85,-0.01,12,65790,卖盘
10:47:18,54.85,0.0,14,76765,卖盘
10:47:21,54.85,0.0,8,43880,买盘
10:47:25,54.8,-0.05,10,54800,卖盘
10:47:27,54.86,0.06,190,1042222,买盘
10:47:30,54.86,0.0,8,43888,卖盘
10:47:34,54.85,-0.01,281,1541756,卖盘
10:47:36,54.85,0.0,16,87725,买盘
10:47:39,54.84,-0.01,13,71287,中性盘
10:47:43,54.84,0.0,53,290640,买盘
10:47:45,54.84,0.0,18,98712,买盘
10:47:48,54.84,0.0,23,126105,买盘
10:47:51,54.8,-0.04,134,734400,卖盘
10:47:55,54.8,0.0,47,257560,买盘
10:47:58,54.8,0.0,47,257547,买盘
10:48:00,54.79,-0.01,22,120559,卖盘
10:48:04,54.84,0.05,1,5484,买盘
10:48:06,54.85,0.01,43,235685,买盘
10:48:10,54.84,-0.01,416,2282248,中性盘
10:48:12,54.85,0.01,88,482530,中性盘
10:48:15,54.86,0.01,6,32913,中性盘
10:48:18,54.85,-0.01,29,159080,卖盘
10:48:21,54.85,0.0,47,257803,卖盘
10:48:24,54.85,0.0,6,32910,买盘
10:48:27,54.85,0.0,76,416858,买盘
10:48:30,54.88,0.03,428,2347451,买盘
10:48:34,54.88,0.0,3,16458,买盘
10:48:37,54.88,0.0,67,367572,买盘
10:48:39,54.88,0.0,81,444505,卖盘
10:48:42,54.86,-0.02,74,406099,卖盘
10:48:45,54.89,0.03,63,345771,买盘
10:48:48,54.88,-0.01,13,71342,卖盘
10:48:52,54.85,-0.03,136,746283,卖盘
10:48:55,54.86,0.01,43,235898,买盘
10:48:58,54.89,0.03,55,301815,买盘
10:49:00,54.86,-0.03,9,49381,卖盘
10:49:04,54.88,0.02,24,131706,买盘
10:49:07,54.88,0.0,29,159148,买盘
10:49:09,54.85,-0.03,218,1195793,卖盘
10:49:12,54.84,-0.01,50,274246,卖盘
10:49:15,54.85,0.01,33,181023,买盘
10:49:19,54.87,0.02,13,71298,中性盘
10:49:22,54.87,0.0,10,54870,买盘
10:49:24,54.84,-0.03,2,10968,卖盘
10:49:27,54.88,0.04,45,246930,买盘
10:49:31,54.87,-0.01,22,120714,卖盘
10:49:34,54.88,0.01,544,2982506,买盘
10:49:37,54.84,-0.04,29,159143,卖盘
10:49:39,54.88,0.04,61,334645,买盘
10:49:42,54.86,-0.02,12,65823,中性盘
10:49:46,54.86,0.0,12,65832,买盘
10:49:49,54.86,0.0,15,82290,买盘
10:49:51,54.84,-0.02,63,345525,卖盘
10:49:54,54.87,0.03,106,581348,买盘
10:49:57,54.87,0.0,27,148171,卖盘
10:50:01,54.87,0.0,19,104237,买盘
10:50:04,54.85,-0.02,20,109723,卖盘
10:50:07,54.82,-0.03,12,65827,卖盘
10:50:09,54.87,0.05,134,735247,买盘
10:50:13,54.87,0.0,278,1525507,买盘
10:50:15,54.87,0.0,6,32919,买盘
10:50:19,54.87,0.0,7,38407,买盘
10:50:21,54.87,0.0,78,427927,买盘
10:50:24,54.86,-0.01,22,120700,卖盘
10:50:27,54.87,0.01,33,181062,买盘
10:50:31,54.82,-0.05,41,224918,卖盘
10:50:33,54.81,-0.01,22,120594,卖盘
10:50:36,54.82,0.01,138,756512,买盘
10:50:40,54.81,-0.01,11,60292,卖盘
10:50:43,54.81,0.0,80,438536,卖盘
10:50:45,54.82,0.01,129,707460,买盘
10:50:48,54.85,0.03,10,54850,卖盘
10:50:51,54.87,0.02,27,148109,买盘
10:50:55,54.85,-0.02,12,65824,卖盘
10:50:57,54.85,0.0,42,230423,卖盘
10:51:00,54.85,0.0,17,93241,买盘
10:51:04,54.88,0.03,320,1755573,买盘
10:51:07,54.86,-0.02,51,279766,中性盘
10:51:10,54.88,0.02,9,49378,买盘
10:51:12,54.85,-0.03,238,1305614,卖盘
10:51:15,54.85,0.0,21,115186,卖盘
10:51:18,54.88,0.03,281,1542336,买盘
10:51:21,54.88,0.0,8,43900,卖盘
10:51:24,54.89,0.01,23,126233,买盘
10:51:28,54.88,-0.01,45,246950,卖盘
10:51:31,54.88,0.0,17,93301,卖盘
10:51:33,54.89,0.01,13,71353,买盘
10:51:37,54.88,-0.01,20,109778,卖盘
10:51:39,54.89,0.01,138,757469,买盘
10:51:43,54.88,-0.01,100,548864,卖盘
10:51:46,54.9,0.02,8,43914,买盘
10:51:48,54.89,-0.01,1,5489,卖盘
10:51:52,54.88,-0.01,157,861729,卖盘
10:51:55,54.9,0.02,184,1009819,买盘
10:51:57,54.89,-0.01,19,104301,卖盘
10:52:00,54.9,0.01,95,521530,买盘
10:52:04,54.9,0.0,213,1169151,买盘
10:52:07,54.9,0.0,85,466540,买盘
10:52:10,54.88,-0.02,13,71348,卖盘
10:52:13,54.9,0.02,64,351312,买盘
10:52:15,54.88,-0.02,17,93264,买盘
10:52:18,54.88,0.0,11,60366,买盘
10:52:22,54.87,-0.01,35,192086,中性盘
10:52:25,54.89,0.02,19,104300,买盘
10:52:27,54.9,0.01,6,32937,买盘
10:52:31,54.88,-0.02,107,587261,卖盘
10:52:34,54.87,-0.01,67,367665,卖盘
10:52:36,54.88,0.01,105,576224,买盘
10:52:39,54.88,0.0,83,455466,买盘
10:52:42,54.87,-0.01,32,175605,卖盘
10:52:45,54.87,0.0,75,411531,卖盘
10:52:48,54.88,0.01,69,378712,买盘
10:52:51,54.89,0.01,48,263447,买盘
10:52:55,54.87,-0.02,77,422550,卖盘
10:52:57,54.9,0.03,108,592794,买盘
10:53:01,54.89,-0.01,56,307837,卖盘
10:53:05,54.9,0.01,16,87840,中性盘
10:53:07,54.9,0.0,51,280018,买盘
10:53:09,54.88,-0.02,199,1092298,卖盘
10:53:12,54.89,0.01,44,241499,中性盘
10:53:15,54.9,0.01,44,241527,买盘
10:53:18,54.89,-0.01,38,208596,卖盘
10:53:22,54.89,0.0,53,291242,卖盘
10:53:24,54.9,0.01,4,21960,卖盘
10:53:28,54.9,0.0,14,76864,卖盘
10:53:30,54.9,0.0,20,109802,卖盘
10:53:34,54.91,0.01,39,214135,买盘
10:53:36,54.91,0.0,88,483214,卖盘
10:53:40,54.9,-0.01,26,140556,卖盘
10:53:42,54.92,0.02,712,3908190,买盘
10:53:46,54.92,0.0,51,280092,卖盘
10:53:49,54.92,0.0,27,148287,卖盘
10:53:52,54.93,0.01,338,1856348,买盘
10:53:54,54.93,0.0,17,93368,买盘
10:53:57,54.93,0.0,23,126333,买盘
10:54:00,54.92,-0.01,25,137317,卖盘
10:54:05,54.94,0.02,45,247186,买盘
10:54:07,54.93,-0.01,11,60432,卖盘
10:54:10,54.94,0.01,41,225259,买盘
10:54:12,54.94,0.0,38,208793,买盘
10:54:16,54.94,0.0,16,87906,卖盘
10:54:18,54.95,0.01,39,214294,买盘
10:54:22,54.95,0.0,28,153850,买盘
10:54:25,54.95,0.0,42,230777,买盘
10:54:28,54.95,0.0,23,126383,买盘
10:54:30,54.93,-0.02,156,856963,卖盘
10:54:33,54.92,-0.01,21,115339,卖盘
10:54:36,54.93,0.01,71,389978,买盘
10:54:40,54.93,0.0,22,120852,卖盘
10:54:42,54.93,0.0,124,681029,买盘
10:54:46,54.94,0.01,114,626127,买盘
10:54:48,54.93,-0.01,64,351524,中性盘
10:54:51,54.94,0.01,24,131839,买盘
10:54:55,54.94,0.0,43,234935,买盘
10:54:58,54.95,0.01,69,379124,买盘
10:55:01,54.94,-0.01,10,54940,卖盘
10:55:04,54.95,0.01,91,500045,买盘
10:55:07,54.96,0.01,93,511088,买盘
10:55:09,54.94,-0.02,63,346168,卖盘
10:55:13,54.93,-0.01,17,93392,卖盘
10:55:15,54.94,0.01,53,292461,买盘
10:55:18,54.94,0.0,47,258191,买盘
10:55:22,54.94,0.0,84,461419,买盘
10:55:25,54.93,-0.01,87,477953,卖盘
10:55:27,54.91,-0.02,45,247183,卖盘
10:55:31,54.94,0.03,66,362520,买盘
10:55:33,54.94,0.0,7,38441,买盘
10:55:36,54.92,-0.02,62,339217,中性盘
10:55:39,54.91,-0.01,20,109840,卖盘
10:55:42,54.93,0.02,20,109826,买盘
10:55:46,54.9,-0.03,16,87869,卖盘
10:55:48,54.93,0.03,48,263660,买盘
10:55:51,54.89,-0.04,117,643640,卖盘
10:55:55,54.89,0.0,21,115264,买盘
10:55:57,54.89,0.0,25,137224,买盘
10:56:01,54.9,0.01,83,454248,买盘
10:56:04,54.93,0.03,38,208634,买盘
10:56:07,54.92,-0.01,34,186709,中性盘
10:56:09,54.9,-0.02,20,109818,卖盘
10:56:13,54.91,0.01,8,43927,中性盘
10:56:15,54.91,0.0,14,76864,买盘
10:56:19,54.91,0.0,22,120801,买盘
10:56:21,54.91,0.0,22,120814,卖盘
10:56:25,54.91,0.0,24,131815,卖盘
10:56:28,54.94,0.03,56,307608,买盘
10:56:31,54.91,-0.03,80,439306,卖盘
10:56:34,54.91,0.0,67,367894,买盘
10:56:37,54.91,0.0,33,181192,买盘
10:56:39,54.91,0.0,15,82364,买盘
10:56:43,54.91,0.0,9,49419,卖盘
10:56:46,54.91,0.0,18,98841,卖盘
10:56:48,54.93,0.02,22,120828,买盘
10:56:52,54.91,-0.02,224,1230082,卖盘
10:56:54,54.91,0.0,102,560073,买盘
10:56:58,54.91,0.0,21,115297,买盘
10:57:00,54.9,-0.01,4,21963,卖盘
10:57:05,54.93,0.03,156,856622,买盘
10:57:07,54.91,-0.02,56,307508,卖盘
10:57:09,54.94,0.03,53,291150,买盘
10:57:12,54.94,0.0,19,104383,买盘
10:57:15,54.93,-0.01,11,60423,卖盘
10:57:18,54.93,0.0,98,538362,卖盘
10:57:21,54.93,0.0,45,247173,买盘
10:57:24,54.92,-0.01,32,175762,卖盘
10:57:27,54.93,0.01,48,263663,买盘
10:57:31,54.92,-0.01,26,142806,卖盘
10:57:34,54.93,0.01,85,466904,买盘
10:57:37,54.92,-0.01,58,318578,卖盘
10:57:39,54.93,0.01,51,280143,买盘
10:57:43,54.93,0.0,22,120848,卖盘
10:57:45,54.94,0.01,40,219736,买盘
10:57:49,54.94,0.0,50,274694,买盘
10:57:51,54.94,0.0,29,159307,买盘
10:57:54,54.93,-0.01,38,208745,卖盘
10:57:58,54.94,0.01,149,818751,买盘
10:58:00,54.95,0.01,45,247209,买盘
10:58:05,54.97,0.02,126,692504,买盘
10:58:06,54.96,-0.01,8,43968,卖盘
10:58:10,54.96,0.0,4,21985,卖盘
10:58:13,54.97,0.01,41,225371,买盘
10:58:16,54.97,0.0,35,192385,买盘
10:58:18,54.97,0.0,69,379290,买盘
10:58:22,54.97,0.0,27,148417,买盘
10:58:24,54.96,-0.01,194,1066224,卖盘
10:58:27,54.96,0.0,42,230822,买盘
10:58:31,54.96,0.0,17,93426,买盘
10:58:33,54.96,0.0,34,186863,买盘
10:58:37,54.95,-0.01,40,219837,卖盘
10:58:40,54.97,0.02,11,60461,买盘
10:58:42,54.97,0.0,5,27481,买盘
10:58:45,54.97,0.0,25,137422,买盘
10:58:48,54.97,0.0,79,434213,买盘
10:58:52,54.97,0.0,13,71458,买盘
10:58:54,54.96,-0.01,22,120930,卖盘
10:58:57,54.97,0.01,15,82453,买盘
10:59:00,54.97,0.0,40,219872,买盘
10:59:04,54.97,0.0,32,175902,买盘
10:59:06,54.97,0.0,75,412284,卖盘
10:59:10,54.97,0.0,88,483813,卖盘
10:59:12,54.98,0.01,57,313332,买盘
10:59:16,54.98,0.0,46,252882,买盘
10:59:18,54.97,-0.01,89,489313,卖盘
10:59:21,54.97,0.0,110,604702,卖盘
10:59:24,54.97,0.0,35,192386,买盘
10:59:27,54.97,0.0,97,533208,买盘
10:59:31,54.97,0.0,25,137421,买盘
10:59:34,54.96,-0.01,47,258360,卖盘
10:59:36,54.97,0.01,16,87941,中性盘
10:59:39,54.96,-0.01,43,236408,中性盘
10:59:42,54.94,-0.02,320,1758274,卖盘
10:59:45,54.91,-0.03,48,263665,卖盘
10:59:49,54.94,0.03,89,488957,买盘
10:59:51,54.94,0.0,41,225239,买盘
10:59:55,54.94,0.0,16,87859,买盘
10:59:58,54.94,0.0,270,1483359,买盘
11:00:00,54.94,0.0,84,461498,卖盘
11:00:04,54.93,-0.01,35,192250,买盘
11:00:07,54.93,0.0,64,351494,买盘
11:00:09,54.9,-0.03,64,351429,卖盘
11:00:12,54.93,0.03,47,258068,买盘
11:00:15,54.9,-0.03,26,142751,卖盘
11:00:18,54.9,0.0,29,159257,卖盘
11:00:21,54.91,0.01,55,302095,卖盘
11:00:24,54.9,-0.01,19,104321,卖盘
11:00:27,54.9,0.0,60,329467,卖盘
11:00:31,54.9,0.0,234,1284487,卖盘
11:00:34,54.88,-0.02,43,236015,卖盘
11:00:37,54.9,0.02,144,790470,买盘
11:00:40,54.9,0.0,88,483127,卖盘
11:00:43,54.9,0.0,132,724690,卖盘
11:00:46,54.9,0.0,19,104297,买盘
11:00:49,54.9,0.0,77,422673,买盘
11:00:52,54.89,-0.01,63,345861,中性盘
11:00:54,54.9,0.01,126,691691,买盘
11:00:57,54.9,0.0,248,1361504,卖盘
11:01:01,54.9,0.0,59,323924,卖盘
11:01:04,54.89,-0.01,6,32931,中性盘
11:01:07,54.9,0.01,12,65879,买盘
11:01:10,54.9,0.0,18,98819,买盘
11:01:12,54.9,0.0,33,181157,买盘
11:01:15,54.9,0.0,100,549000,卖盘
11:01:19,54.9,0.0,88,483131,卖盘
11:01:22,54.9,0.0,73,400737,买盘
11:01:25,54.89,-0.01,26,142716,卖盘
11:01:27,54.9,0.01,380,2085571,买盘
11:01:31,54.88,-0.02,17,93310,卖盘
11:01:33,54.9,0.02,15,82333,买盘
11:01:36,54.88,-0.02,11,60372,中性盘
11:01:39,54.87,-0.01,48,263509,卖盘
11:01:43,54.88,0.01,20,109771,买盘
11:01:45,54.87,-0.01,65,356655,卖盘
11:01:48,54.88,0.01,76,417075,买盘
11:01:52,54.87,-0.01,26,145524,卖盘
11:01:54,54.86,-0.01,10,54860,卖盘
11:01:58,54.88,0.02,61,334737,买盘
11:02:00,54.87,-0.01,25,137179,卖盘
11:02:04,54.87,0.0,10,54867,卖盘
11:02:07,54.88,0.01,38,208481,买盘
11:02:10,54.86,-0.02,21,115226,卖盘
11:02:13,54.87,0.01,16,87788,买盘
11:02:16,54.86,-0.01,17,93273,卖盘
11:02:18,54.86,0.0,29,159083,买盘
11:02:21,54.87,0.01,49,268819,买盘
11:02:24,54.87,0.0,24,131685,买盘
11:02:27,54.87,0.0,21,115234,卖盘
11:02:30,54.85,-0.02,55,301680,卖盘
11:02:33,54.89,0.04,53,290880,买盘
11:02:36,54.89,0.0,22,120754,买盘
11:02:39,54.87,-0.02,23,126161,中性盘
11:02:42,54.89,0.02,14,76820,买盘
11:02:46,54.89,0.0,121,664147,买盘
11:02:48,54.89,0.0,136,746506,卖盘
11:02:52,54.87,-0.02,48,263454,卖盘
11:02:54,54.89,0.02,6,32929,买盘
11:02:58,54.88,-0.01,41,225009,卖盘
11:03:00,54.88,0.0,9,49390,买盘
11:03:04,54.88,0.0,46,252420,买盘
11:03:06,54.88,0.0,28,153657,买盘
11:03:10,54.88,0.0,8,43899,买盘
11:03:13,54.87,-0.01,78,428040,卖盘
11:03:15,54.88,0.01,40,219511,买盘
11:03:18,54.87,-0.01,21,115233,卖盘
11:03:22,54.87,0.0,81,444377,买盘
11:03:24,54.87,0.0,50,274319,买盘
11:03:28,54.86,-0.01,16,87787,卖盘
11:03:30,54.87,0.01,6,32921,买盘
11:03:34,54.85,-0.02,27,148129,卖盘
11:03:37,54.84,-0.01,46,252359,卖盘
11:03:39,54.87,0.03,72,394975,买盘
11:03:42,54.84,-0.03,33,180989,卖盘
11:03:45,54.87,0.03,10,54853,买盘
11:03:49,54.88,0.01,64,351187,买盘
11:03:52,54.85,-0.03,21,115215,卖盘
11:03:55,54.87,0.02,39,214022,中性盘
11:03:57,54.89,0.02,38,208501,买盘
11:04:01,54.87,-0.02,22,120709,卖盘
11:04:04,54.87,0.0,11,60351,买盘
11:04:07,54.86,-0.01,16,87810,卖盘
11:04:09,54.86,0.0,16,87768,买盘
11:04:12,54.89,0.03,8,43909,买盘
11:04:15,54.87,-0.02,43,236003,卖盘
11:04:19,54.88,0.01,9,49384,中性盘
11:04:21,54.88,0.0,19,104259,买盘
11:04:25,54.89,0.01,111,609245,买盘
11:04:27,54.89,0.0,45,246919,买盘
11:04:31,54.89,0.0,13,71345,买盘
11:04:33,54.87,-0.02,71,389674,卖盘
11:04:37,54.87,0.0,30,164625,卖盘
11:04:39,54.87,0.0,25,137190,卖盘
11:04:42,54.88,0.01,49,268884,买盘
11:04:46,54.88,0.0,2,10976,卖盘
11:04:49,54.89,0.01,19,104274,买盘
11:04:51,54.89,0.0,41,224993,买盘
11:04:54,54.89,0.0,37,203088,买盘
11:04:58,54.89,0.0,35,192082,买盘
11:05:00,54.84,-0.05,93,508736,卖盘
11:05:04,54.89,0.05,1,5489,买盘
11:05:06,54.88,-0.01,19,104263,买盘
11:05:09,54.89,0.01,22,120724,买盘
11:05:12,54.89,0.0,8,43909,买盘
11:05:15,54.88,-0.01,43,235973,买盘
11:05:21,54.84,-0.04,36,197493,卖盘
11:05:24,54.88,0.04,46,252429,买盘
11:05:27,54.89,0.01,21,115257,买盘
11:05:30,54.88,-0.01,2,10976,中性盘
11:05:34,54.88,0.0,4,21953,买盘
11:05:36,54.84,-0.04,32,175609,卖盘
11:05:39,54.88,0.04,28,153593,中性盘
11:05:42,54.89,0.01,32,175636,买盘
11:05:45,54.88,-0.01,68,372914,中性盘
11:05:48,54.88,0.0,67,367580,买盘
11:05:51,54.87,-0.01,9,49377,买盘
11:05:54,54.84,-0.03,154,844535,买盘
11:05:57,54.83,-0.01,20,109667,卖盘
11:06:00,54.83,0.0,202,1108048,卖盘
11:06:04,54.88,0.05,13,71334,买盘
11:06:07,54.83,-0.05,10,54865,卖盘
11:06:10,54.88,0.05,60,329095,买盘
11:06:12,54.83,-0.05,8,43874,卖盘
11:06:16,54.88,0.05,29,159152,买盘
11:06:18,54.85,-0.03,31,170125,中性盘
11:06:21,54.86,0.01,13,71304,买盘
11:06:25,54.85,-0.01,10,54856,中性盘
11:06:27,54.85,0.0,6,32915,卖盘
11:06:30,54.87,0.02,2,10973,买盘
11:06:34,54.88,0.01,43,235960,买盘
11:06:36,54.86,-0.02,14,76823,卖盘
11:06:39,54.87,0.01,6,32919,买盘
11:06:42,54.87,0.0,82,449887,买盘
11:06:45,54.86,-0.01,5,27430,卖盘
11:06:48,54.86,0.0,34,186515,买盘
11:06:52,54.86,0.0,39,213966,买盘
11:06:55,54.87,0.01,8,43895,买盘
11:06:57,54.87,0.0,17,93266,买盘
11:07:00,54.87,0.0,11,60356,买盘
11:07:04,54.86,-0.01,17,93271,卖盘
11:07:07,54.86,0.0,19,104235,卖盘
11:07:09,54.85,-0.01,1,5485,卖盘
11:07:12,54.85,0.0,38,208463,卖盘
11:07:15,54.85,0.0,1,5485,卖盘
11:07:18,54.85,0.0,6,32912,卖盘
11:07:21,54.87,0.02,54,296259,买盘
11:07:24,54.86,-0.01,28,153608,卖盘
11:07:27,54.86,0.0,50,274317,卖盘
11:07:31,54.86,0.0,1,5486,买盘
11:07:34,54.86,0.0,6,32916,买盘
11:07:36,54.85,-0.01,9,49373,卖盘
11:07:39,54.85,0.0,116,636260,卖盘
11:07:43,54.85,0.0,30,164550,买盘
11:07:46,54.85,0.0,31,170028,买盘
11:07:49,54.85,0.0,17,93245,买盘
11:07:51,54.85,0.0,69,378476,卖盘
11:07:55,54.86,0.01,23,126176,买盘
11:07:57,54.85,-0.01,41,224908,卖盘
11:08:00,54.86,0.01,39,213949,买盘
11:08:05,54.86,0.0,30,164570,买盘
11:08:07,54.84,-0.02,8,43879,卖盘
11:08:10,54.85,0.01,93,510105,买盘
11:08:12,54.85,0.0,158,866760,买盘
11:08:15,54.85,0.0,26,142622,卖盘
11:08:19,54.86,0.01,106,581495,买盘
11:08:22,54.87,0.01,28,153611,买盘
11:08:24,54.84,-0.03,97,532044,卖盘
11:08:28,54.87,0.03,18,98746,买盘
11:08:30,54.87,0.0,14,76817,买盘
11:08:33,54.87,0.0,3,16461,买盘
11:08:36,54.87,0.0,10,56899,买盘
11:08:40,54.86,-0.01,28,153634,卖盘
11:08:43,54.87,0.01,95,521276,买盘
11:08:45,54.87,0.0,6,32923,卖盘
11:08:48,54.87,0.0,30,164622,卖盘
11:08:51,54.88,0.01,31,170125,买盘
11:08:55,54.88,0.0,20,109760,买盘
11:08:57,54.88,0.0,5,27440,买盘
11:09:01,54.88,0.0,16,87808,买盘
11:09:04,54.88,0.0,36,197567,买盘
11:09:07,54.88,0.0,46,252446,买盘
11:09:10,54.88,0.0,199,1090080,买盘
11:09:12,54.88,0.0,17,93296,卖盘
11:09:15,54.89,0.01,256,1404981,买盘
11:09:18,54.89,0.0,48,263472,买盘
11:09:21,54.89,0.0,128,703797,买盘
11:09:24,54.9,0.01,4,21959,买盘
11:09:28,54.9,0.0,7,38430,买盘
11:09:34,54.89,-0.01,37,203127,卖盘
11:09:36,54.89,0.0,65,356849,卖盘
11:09:39,54.9,0.01,43,236039,买盘
11:09:42,54.9,0.0,23,126267,买盘
11:09:45,54.89,-0.01,65,356818,卖盘
11:09:51,54.89,0.0,67,367834,卖盘
11:09:54,54.91,0.02,7,38434,买盘
11:09:57,54.91,0.0,5,27455,买盘
11:10:00,54.91,0.0,19,104331,买盘
11:10:04,54.91,0.0,23,126283,买盘
11:10:06,54.94,0.03,123,675583,买盘
11:10:09,54.93,-0.01,2,10986,卖盘
11:10:13,54.93,0.0,21,115368,卖盘
11:10:15,54.94,0.01,45,247225,买盘
11:10:19,54.93,-0.01,551,3027711,卖盘
11:10:22,54.95,0.02,22,120890,中性盘
11:10:25,54.97,0.02,48,263810,买盘
11:10:27,54.97,0.0,3,16491,买盘
11:10:30,54.97,0.0,48,263855,买盘
11:10:34,54.97,0.0,23,126419,买盘
11:10:36,54.99,0.02,576,3167480,买盘
11:10:39,55.0,0.01,181,995000,买盘
11:10:42,55.0,0.0,1113,6121460,买盘
11:10:45,55.0,0.0,211,1160499,买盘
11:10:48,54.99,-0.01,62,340997,卖盘
11:10:52,54.99,0.0,57,313496,卖盘
11:10:54,55.0,0.01,594,3266985,买盘
11:10:58,54.99,-0.01,161,885488,卖盘
11:11:00,55.0,0.01,14,77000,买盘
11:11:04,55.0,0.0,37,203497,买盘
11:11:06,54.99,-0.01,69,379499,卖盘
11:11:10,54.99,0.0,28,153983,卖盘
11:11:13,55.0,0.01,92,505990,买盘
11:11:15,55.0,0.0,47,258500,买盘
11:11:18,55.0,0.0,257,1413500,买盘
11:11:21,55.01,0.01,83,456525,买盘
11:11:24,55.01,0.0,45,247502,买盘
11:11:28,55.01,0.0,3,16503,买盘
11:11:31,55.01,0.0,53,291552,买盘
11:11:33,55.01,0.0,20,110020,买盘
11:11:37,55.0,-0.01,10,55009,卖盘
11:11:39,55.0,0.0,141,772340,卖盘
11:11:42,55.02,0.02,84,462085,买盘
11:11:45,55.02,0.0,8,44012,买盘
11:11:48,55.01,-0.01,214,1177427,卖盘
11:11:51,55.02,0.01,105,577673,买盘
11:11:54,55.02,0.0,40,224973,买盘
11:11:57,55.05,0.03,96,528392,买盘
11:12:01,55.06,0.01,16,87266,买盘
11:12:04,55.05,-0.01,28,154164,卖盘
11:12:06,55.05,0.0,47,258775,中性盘
11:12:09,55.08,0.03,43,236818,买盘
11:12:13,55.09,0.01,48,264408,买盘
11:12:15,55.1,0.01,19,104674,买盘
11:12:19,55.1,0.0,56,308557,买盘
11:12:21,55.1,0.0,112,617116,买盘
11:12:24,55.1,0.0,74,407738,买盘
11:12:27,55.09,-0.01,62,341605,卖盘
11:12:31,55.1,0.01,60,330573,买盘
11:12:33,55.08,-0.02,35,192802,卖盘
11:12:36,55.1,0.02,126,694239,买盘
11:12:39,55.1,0.0,133,732810,买盘
11:12:43,55.1,0.0,25,137750,买盘
11:12:45,55.09,-0.01,19,104686,卖盘
11:12:49,55.1,0.01,49,269987,买盘
11:12:51,55.1,0.0,50,275495,买盘
11:12:54,55.1,0.0,130,716282,买盘
11:12:58,55.1,0.0,37,203869,买盘
11:13:01,55.1,0.0,117,644669,买盘
11:13:05,55.1,0.0,147,809967,买盘
11:13:07,55.11,0.01,45,247957,买盘
11:13:09,55.1,-0.01,54,297577,卖盘
11:13:12,55.11,0.01,12,66128,买盘
11:13:16,55.11,0.0,27,148796,买盘
11:13:18,55.11,0.0,8,44082,买盘
11:13:22,55.12,0.01,95,523572,买盘
11:13:24,55.11,-0.01,6,33067,卖盘
11:13:27,55.13,0.02,48,264582,买盘
11:13:30,55.12,-0.01,40,220485,卖盘
11:13:34,55.13,0.01,43,235901,买盘
11:13:36,55.13,0.0,40,220557,卖盘
11:13:40,55.14,0.01,36,198490,买盘
11:13:42,55.13,-0.01,55,303242,卖盘
11:13:45,55.14,0.01,74,408034,买盘
11:13:49,55.13,-0.01,152,838117,卖盘
11:13:52,55.14,0.01,53,292273,卖盘
11:13:55,55.14,0.0,10,55139,买盘
11:13:57,55.14,0.0,87,479718,买盘
11:14:01,55.14,0.0,118,650651,买盘
11:14:05,55.15,0.01,481,2652618,买盘
11:14:07,55.16,0.01,61,336473,买盘
11:14:09,55.16,0.0,48,264804,卖盘
11:14:12,55.16,0.0,19,104816,卖盘
11:14:16,55.16,0.0,81,446876,卖盘
11:14:19,55.18,0.02,33,182062,买盘
11:14:21,55.17,-0.01,38,209647,卖盘
11:14:25,55.18,0.01,25,137947,买盘
11:14:28,55.17,-0.01,66,364164,卖盘
11:14:30,55.17,0.0,148,816550,卖盘
11:14:34,55.17,0.0,28,154476,买盘
11:14:37,55.17,0.0,60,331020,买盘
11:14:39,55.17,0.0,49,270320,买盘
11:14:42,55.17,0.0,108,595836,买盘
11:14:46,55.17,0.0,206,1136453,买盘
11:14:48,55.17,0.0,58,319969,买盘
11:14:51,55.18,0.01,99,546185,买盘
11:14:54,55.16,-0.02,28,154464,卖盘
11:14:57,55.17,0.01,4,22068,买盘
11:15:01,55.17,0.0,11,60686,买盘
11:15:05,55.17,0.0,64,353082,买盘
11:15:07,55.17,0.0,62,342054,买盘
11:15:09,55.18,0.01,27,148966,买盘
11:15:13,55.18,0.0,110,606953,买盘
11:15:16,55.2,0.02,1134,6258729,买盘
11:15:18,55.17,-0.03,23,126891,卖盘
11:15:21,55.18,0.01,29,160040,买盘
11:15:24,55.18,0.0,21,115887,卖盘
11:15:28,55.18,0.0,16,88296,卖盘
11:15:31,55.19,0.01,15,82784,买盘
11:15:34,55.19,0.0,33,182118,买盘
11:15:37,55.18,-0.01,79,435990,卖盘
11:15:40,55.18,0.0,38,209714,买盘
11:15:43,55.2,0.02,281,1551048,买盘
11:15:46,55.18,-0.02,110,607183,卖盘
11:15:49,55.19,0.01,10,55192,买盘
11:15:51,55.19,0.0,34,187644,卖盘
11:15:55,55.2,0.01,225,1241964,买盘
11:15:58,55.18,-0.02,27,149029,卖盘
11:16:01,55.2,0.02,32,176631,买盘
11:16:04,55.19,-0.01,11,60710,卖盘
11:16:06,55.19,0.0,26,143516,卖盘
11:16:09,55.19,0.0,14,77266,买盘
11:16:12,55.19,0.0,73,402936,买盘
11:16:15,55.19,0.0,10,55193,卖盘
11:16:18,55.19,0.0,52,287027,卖盘
11:16:22,55.19,0.0,32,175844,卖盘
11:16:24,55.2,0.01,22,121425,买盘
11:16:28,55.19,-0.01,170,938357,卖盘
11:16:31,55.2,0.01,73,402923,买盘
11:16:34,55.2,0.0,40,220782,买盘
11:16:37,55.2,0.0,344,1898875,买盘
11:16:40,55.19,-0.01,208,1148094,卖盘
11:16:42,55.2,0.01,51,281512,买盘
11:16:45,55.2,0.0,56,309852,买盘
11:16:48,55.19,-0.01,54,297992,买盘
11:16:52,55.2,0.01,91,502287,买盘
11:16:55,55.19,-0.01,32,176607,卖盘
11:16:57,55.19,0.0,4,22076,买盘
11:17:00,55.2,0.01,80,441542,买盘
11:17:04,55.19,-0.01,92,507658,中性盘
11:17:07,55.19,0.0,27,149031,买盘
11:17:09,55.18,-0.01,26,143486,卖盘
11:17:12,55.15,-0.03,806,4445775,卖盘
11:17:16,55.14,-0.01,47,259165,卖盘
11:17:18,55.14,0.0,97,534953,卖盘
11:17:21,55.14,0.0,40,220591,卖盘
11:17:24,55.14,0.0,28,154407,卖盘
11:17:27,55.15,0.01,132,727962,买盘
11:17:30,55.19,0.04,93,513126,买盘
11:17:33,55.15,-0.04,55,303334,卖盘
11:17:37,55.15,0.0,66,364021,卖盘
11:17:39,55.15,0.0,23,126850,卖盘
11:17:43,55.18,0.03,11,60698,买盘
11:17:46,55.16,-0.02,11,60682,卖盘
11:17:49,55.18,0.02,8,44130,买盘
11:17:51,55.17,-0.01,3,16549,中性盘
11:17:54,55.16,-0.01,30,165529,卖盘
11:17:57,55.18,0.02,128,706108,买盘
11:18:00,55.18,0.0,5,27582,买盘
11:18:05,55.16,-0.02,219,1208097,卖盘
11:18:07,55.15,-0.01,11,60675,卖盘
11:18:09,55.16,0.01,33,182028,买盘
11:18:13,55.15,-0.01,17,93771,卖盘
11:18:15,55.16,0.01,26,143414,买盘
11:18:18,55.17,0.01,71,391621,买盘
11:18:21,55.16,-0.01,10,55161,中性盘
11:18:25,55.15,-0.01,1470,8107032,卖盘
11:18:27,55.15,0.0,15,82723,买盘
11:18:31,55.14,-0.01,11,60658,卖盘
11:18:33,55.15,0.01,65,358471,买盘
11:18:36,55.14,-0.01,33,181982,卖盘
11:18:40,55.14,0.0,23,126835,卖盘
11:18:43,55.14,0.0,49,270223,卖盘
11:18:45,55.14,0.0,17,93740,卖盘
11:18:48,55.14,0.0,125,689329,卖盘
11:18:52,55.14,0.0,118,650642,买盘
11:18:55,55.14,0.0,38,209528,买盘
11:18:58,55.14,0.0,37,204012,买盘
11:19:00,55.13,-0.01,66,363909,卖盘
11:19:04,55.13,0.0,257,1417068,卖盘
11:19:06,55.14,0.01,35,192967,买盘
11:19:09,55.13,-0.01,178,981412,卖盘
11:19:12,55.13,0.0,60,330843,卖盘
11:19:15,55.13,0.0,10,55131,中性盘
11:19:18,55.13,0.0,32,176402,买盘
11:19:21,55.12,-0.01,15,82686,卖盘
11:19:25,55.13,0.01,34,187425,买盘
11:19:28,55.13,0.0,8,44103,买盘
11:19:30,55.13,0.0,6,33078,买盘
11:19:33,55.13,0.0,13,71663,买盘
11:19:36,55.12,-0.01,8,44094,中性盘
11:19:39,55.13,0.01,2,11026,买盘
11:19:43,55.12,-0.01,7,38585,卖盘
11:19:45,55.13,0.01,12,66154,买盘
11:19:48,55.12,-0.01,24,132287,买盘
11:19:52,55.12,0.0,11,60632,卖盘
11:19:55,55.11,-0.01,31,170848,卖盘
11:19:57,55.11,0.0,5,27554,买盘
11:20:00,55.11,0.0,9,49594,买盘
11:20:04,55.1,-0.01,45,247959,卖盘
11:20:07,55.11,0.01,54,297571,买盘
11:20:10,55.11,0.0,4,22044,卖盘
11:20:13,55.12,0.01,26,143291,买盘
11:20:16,55.13,0.01,63,347277,买盘
11:20:19,55.11,-0.02,20,110239,卖盘
11:20:22,55.11,0.0,22,121264,卖盘
11:20:25,55.11,0.0,23,126777,卖盘
11:20:28,55.14,0.03,29,159871,买盘
11:20:31,55.14,0.0,19,104741,买盘
11:20:33,55.12,-0.02,12,66143,卖盘
11:20:36,55.12,0.0,58,319706,卖盘
11:20:40,55.14,0.02,20,110280,买盘
11:20:43,55.12,-0.02,30,165381,卖盘
11:20:46,55.14,0.02,24,132327,买盘
11:20:48,55.13,-0.01,37,203967,中性盘
11:20:54,55.13,0.0,5,27566,卖盘
11:20:57,55.13,0.0,15,82709,卖盘
11:21:01,55.13,0.0,52,286740,卖盘
11:21:04,55.13,0.0,78,430014,买盘
11:21:07,55.12,-0.01,23,126781,卖盘
11:21:09,55.13,0.01,161,887579,买盘
11:21:13,55.13,0.0,85,468605,买盘
11:21:16,55.13,0.0,19,104747,买盘
11:21:18,55.13,0.0,1,5513,买盘
11:21:22,55.12,-0.01,35,192951,卖盘
11:21:25,55.12,0.0,18,99217,卖盘
11:21:28,55.13,0.01,33,181917,买盘
11:21:31,55.12,-0.01,4,22051,卖盘
11:21:33,55.13,0.01,3,16539,买盘
11:21:37,55.12,-0.01,19,104746,卖盘
11:21:40,55.11,-0.01,16,88197,卖盘
11:21:42,55.13,0.02,26,143320,买盘
11:21:45,55.12,-0.01,5,27564,中性盘
11:21:48,55.13,0.01,151,832404,买盘
11:21:51,55.12,-0.01,36,198432,卖盘
11:21:54,55.13,0.01,45,248050,买盘
11:21:58,55.13,0.0,8,44104,买盘
11:22:00,55.11,-0.02,1,5511,卖盘
11:22:04,55.11,0.0,2,11023,卖盘
11:22:07,55.11,0.0,55,303125,卖盘
11:22:10,55.12,0.01,62,341742,买盘
11:22:12,55.12,0.0,24,132285,买盘
11:22:16,55.12,0.0,31,170851,买盘
11:22:18,55.12,0.0,8,44091,买盘
11:22:22,55.12,0.0,41,225979,买盘
11:22:24,55.11,-0.01,22,121249,卖盘
11:22:27,55.12,0.01,34,187396,买盘
11:22:30,55.1,-0.02,183,1008378,卖盘
11:22:33,55.1,0.0,1,5510,买盘
11:22:37,55.1,0.0,13,71629,买盘
11:22:39,55.1,0.0,62,341620,买盘
11:22:42,55.09,-0.01,81,446231,卖盘
11:22:45,55.09,0.0,31,170779,买盘
11:22:48,55.09,0.0,32,176267,买盘
11:22:51,55.09,0.0,15,82633,买盘
11:22:54,55.08,-0.01,32,176281,卖盘
11:22:57,55.09,0.01,8,44060,买盘
11:23:01,55.08,-0.01,6,33043,中性盘
11:23:04,55.06,-0.02,1,5506,卖盘
11:23:07,55.06,0.0,9,49568,卖盘
11:23:09,55.08,0.02,8,44061,买盘
11:23:12,55.08,0.0,49,269868,买盘
11:23:15,55.06,-0.02,43,236765,卖盘
11:23:18,55.08,0.02,6,33048,买盘
11:23:22,55.06,-0.02,44,242347,卖盘
11:23:24,55.06,0.0,2,11012,卖盘
11:23:27,55.06,0.0,24,132174,卖盘
11:23:31,55.07,0.01,21,115640,买盘
11:23:33,55.08,0.01,23,126663,买盘
11:23:36,55.06,-0.02,58,319334,卖盘
11:23:39,55.07,0.01,5,27535,买盘
11:23:42,55.07,0.0,7,38548,买盘
11:23:48,55.06,-0.01,43,236782,卖盘
11:23:51,55.07,0.01,10,55068,买盘
11:23:54,55.05,-0.02,5,27528,卖盘
11:23:57,55.05,0.0,14,77075,卖盘
11:24:00,55.05,0.0,97,534011,卖盘
11:24:04,55.06,0.01,34,187204,买盘
11:24:06,55.06,0.0,54,297274,买盘
11:24:09,55.06,0.0,8,44047,买盘
11:24:13,55.05,-0.01,2,11010,卖盘
11:24:15,55.06,0.01,111,611064,买盘
11:24:19,55.04,-0.02,18,99073,卖盘
11:24:21,55.06,0.02,99,545064,买盘
11:24:24,55.07,0.01,4,22026,买盘
11:24:28,55.07,0.0,8,44051,买盘
11:24:31,55.06,-0.01,57,313848,卖盘
11:24:33,55.06,0.0,19,104632,卖盘
11:24:36,55.06,0.0,11,60566,卖盘
11:24:40,55.06,0.0,20,110120,卖盘
11:24:43,55.06,0.0,17,93602,买盘
11:24:46,55.04,-0.02,54,297265,卖盘
11:24:48,55.06,0.02,14,77083,买盘
11:24:51,55.06,0.0,1,5506,买盘
11:24:55,55.05,-0.01,7,38531,中性盘
11:24:58,55.06,0.01,44,242264,买盘
11:25:01,55.05,-0.01,5,27525,卖盘
11:25:04,55.06,0.01,5,27527,买盘
11:25:07,55.05,-0.01,8,44047,卖盘
11:25:09,55.05,0.0,20,110101,卖盘
11:25:12,55.05,0.0,16,88086,卖盘
11:25:16,55.04,-0.01,7,38534,卖盘
11:25:19,55.04,0.0,5,27520,卖盘
11:25:22,55.04,0.0,20,110080,卖盘
11:25:24,55.06,0.02,72,396379,买盘
11:25:28,55.04,-0.02,86,473388,卖盘
11:25:30,55.06,0.02,1,5506,买盘
11:25:33,55.04,-0.02,56,308325,卖盘
11:25:37,55.03,-0.01,57,313735,卖盘
11:25:40,55.05,0.02,8,44040,中性盘
11:25:43,55.06,0.01,64,352330,买盘
11:25:46,55.03,-0.03,6,33018,卖盘
11:25:48,55.04,0.01,7,38528,买盘
11:25:51,55.04,0.0,5,27520,买盘
11:25:54,55.03,-0.01,32,176105,卖盘
11:25:58,55.03,0.0,10,55027,买盘
11:26:00,55.04,0.01,22,121073,买盘
11:26:04,55.03,-0.01,17,93558,卖盘
11:26:07,55.02,-0.01,18,99060,卖盘
11:26:10,55.03,0.01,10,55027,买盘
11:26:12,55.02,-0.01,51,280602,卖盘
11:26:16,55.02,0.0,4,22010,卖盘
11:26:19,55.01,-0.01,5,27507,卖盘
11:26:21,55.01,0.0,16,88032,卖盘
11:26:24,55.02,0.01,24,132048,中性盘
11:26:27,55.03,0.01,18,99040,买盘
11:26:30,55.01,-0.02,13,71513,卖盘
11:26:33,55.03,0.02,14,77038,买盘
11:26:37,55.02,-0.01,17,93550,卖盘
11:26:39,55.02,0.0,9,49518,卖盘
11:26:42,55.02,0.0,17,93528,买盘
11:26:46,55.02,0.0,5,27510,卖盘
11:26:49,55.03,0.01,33,181580,买盘
11:26:51,55.02,-0.01,1,5502,卖盘
11:26:57,55.02,0.0,63,346652,卖盘
11:27:00,55.03,0.01,13,71527,买盘
11:27:04,55.03,0.0,310,1705255,卖盘
11:27:07,55.03,0.0,10,55030,买盘
11:27:09,55.02,-0.01,5,27506,买盘
11:27:12,55.02,0.0,5,27510,买盘
11:27:16,55.02,0.0,4,22008,买盘
11:27:18,55.02,0.0,13,71526,买盘
11:27:22,55.01,-0.01,20,110032,卖盘
11:27:24,55.07,0.06,124,681326,买盘
11:27:28,55.08,0.01,7,38552,买盘
11:27:31,55.07,-0.01,3,16521,卖盘
11:27:34,55.07,0.0,41,227533,卖盘
11:27:37,55.08,0.01,2,11015,中性盘
11:27:39,55.09,0.01,2,11018,买盘
11:27:42,55.09,0.0,132,727103,买盘
11:27:46,55.09,0.0,32,176281,买盘
11:27:51,55.09,0.0,31,170764,买盘
11:27:55,55.09,0.0,56,308489,买盘
11:27:57,55.08,-0.01,24,132173,卖盘
11:28:01,55.06,-0.02,13,71269,卖盘
11:28:04,55.08,0.02,3,16524,买盘
11:28:07,55.03,-0.05,3,16513,卖盘
11:28:09,55.08,0.05,8,44043,买盘
11:28:12,55.08,0.0,19,104650,买盘
11:28:15,55.08,0.0,8,44071,卖盘
11:28:19,55.09,0.01,8,44071,买盘
11:28:21,55.09,0.0,4,22036,卖盘
11:28:24,55.1,0.01,24,132230,买盘
11:28:27,55.1,0.0,45,247930,买盘
11:28:34,55.1,0.0,133,732713,买盘
11:28:37,55.09,-0.01,2,11019,中性盘
11:28:39,55.09,0.0,12,66118,卖盘
11:28:42,55.08,-0.01,14,77131,卖盘
11:28:46,55.08,0.0,11,60588,卖盘
11:28:49,55.09,0.01,4,22033,买盘
11:28:51,55.09,0.0,52,286441,买盘
11:28:54,55.06,-0.03,74,407584,卖盘
11:28:57,55.08,0.02,15,82619,中性盘
11:29:04,55.08,0.0,16,88118,买盘
11:29:07,55.08,0.0,6,33040,买盘
11:29:10,55.08,0.0,17,93634,买盘
11:29:15,55.08,0.0,10,55080,买盘
11:29:19,55.06,-0.02,12,63884,卖盘
11:29:21,55.07,0.01,6,33047,中性盘
11:29:25,55.07,0.0,7,38549,卖盘
11:29:27,55.08,0.01,77,424076,买盘
11:29:31,55.06,-0.02,21,115633,卖盘
11:29:33,55.09,0.03,162,892309,买盘
11:29:37,55.07,-0.02,9,49569,卖盘
11:29:39,55.09,0.02,20,110172,买盘
11:29:42,55.07,-0.02,65,358030,卖盘
11:29:45,55.08,0.01,5,27540,买盘
11:29:48,55.08,0.0,1,5508,卖盘
11:29:51,55.08,0.0,50,275400,卖盘
11:29:55,55.09,0.01,77,424103,买盘
11:29:57,55.09,0.0,14,77126,买盘
11:30:01,55.08,-0.01,1,5508,卖盘
13:00:00,55.08,0.0,24,132194,买盘
13:00:04,55.12,0.04,2123,11696406,买盘
13:00:07,55.12,0.0,365,2011545,买盘
13:00:10,55.09,-0.03,176,969817,卖盘
13:00:13,55.12,0.03,23,126764,买盘
13:00:16,55.12,0.0,17,93700,买盘
13:00:19,55.11,-0.01,21,118272,卖盘
13:00:21,55.12,0.01,42,231531,卖盘
13:00:24,55.15,0.03,124,683819,买盘
13:00:27,55.12,-0.03,13,71665,卖盘
13:00:31,55.1,-0.02,1,5510,卖盘
13:00:33,55.12,0.02,11,60630,买盘
13:00:36,55.11,-0.01,3,16535,中性盘
13:00:39,55.11,0.0,15,82667,卖盘
13:00:42,55.12,0.01,30,165341,买盘
13:00:46,55.12,0.0,22,121251,买盘
13:00:48,55.12,0.0,3,16536,中性盘
13:00:52,55.12,0.0,14,77168,卖盘
13:00:54,55.15,0.03,15,82719,买盘
13:00:57,55.11,-0.04,94,518145,卖盘
13:01:00,55.1,-0.01,5,27550,卖盘
13:01:05,55.16,0.06,28,154370,买盘
13:01:07,55.13,-0.03,39,214931,中性盘
13:01:10,55.15,0.02,5,27577,买盘
13:01:13,55.16,0.01,13,71694,买盘
13:01:15,55.16,0.0,13,71704,买盘
13:01:19,55.15,-0.01,17,93756,卖盘
13:01:21,55.13,-0.02,39,215025,卖盘
13:01:25,55.15,0.02,27,148890,买盘
13:01:27,55.13,-0.02,46,253612,卖盘
13:01:31,55.12,-0.01,53,292178,卖盘
13:01:34,55.12,0.0,598,3297730,卖盘
13:01:36,55.15,0.03,22,121311,买盘
13:01:39,55.15,0.0,165,909975,卖盘
13:01:43,55.15,0.0,59,325410,卖盘
13:01:45,55.16,0.01,36,198580,买盘
13:01:48,55.16,0.0,8,44128,卖盘
13:01:51,55.17,0.01,110,606779,买盘
13:01:54,55.17,0.0,104,573682,买盘
13:01:57,55.18,0.01,21,115861,买盘
13:02:00,55.18,0.0,135,744712,买盘
13:02:04,55.18,0.0,20,110353,买盘
13:02:06,55.17,-0.01,79,435921,卖盘
13:02:10,55.18,0.01,17,93806,买盘
13:02:13,55.17,-0.01,57,314522,卖盘
13:02:15,55.17,0.0,39,215200,卖盘
13:02:19,55.17,0.0,43,237266,卖盘
13:02:21,55.17,0.0,33,182100,卖盘
13:02:24,55.18,0.01,53,292492,中性盘
13:02:28,55.19,0.01,48,264891,买盘
13:02:31,55.19,0.0,33,182106,买盘
13:02:33,55.19,0.0,16,88284,买盘
13:02:36,55.17,-0.02,33,182082,卖盘
13:02:40,55.19,0.02,20,110368,买盘
13:02:42,55.17,-0.02,29,159999,卖盘
13:02:46,55.19,0.02,77,424961,买盘
13:02:48,55.19,0.0,36,198701,买盘
13:02:51,55.19,0.0,73,402935,买盘
13:02:54,55.18,-0.01,118,651236,卖盘
13:02:58,55.17,-0.01,20,110350,卖盘
13:03:00,55.19,0.02,30,165523,买盘
13:03:04,55.18,-0.01,8,44148,卖盘
13:03:06,55.19,0.01,34,187640,买盘
13:03:10,55.2,0.01,22,121414,买盘
13:03:12,55.18,-0.02,10,55181,卖盘
13:03:16,55.19,0.01,13,70361,买盘
13:03:19,55.18,-0.01,53,292490,卖盘
13:03:21,55.19,0.01,23,126910,买盘
13:03:25,55.19,0.0,105,579466,买盘
13:03:27,55.18,-0.01,5,27590,卖盘
13:03:30,55.19,0.01,38,209716,卖盘
13:03:34,55.18,-0.01,44,242819,买盘
13:03:37,55.17,-0.01,39,215201,卖盘
13:03:40,55.19,0.02,24,132438,买盘
13:03:43,55.18,-0.01,6,33110,中性盘
13:03:46,55.18,0.0,52,286970,卖盘
13:03:49,55.19,0.01,23,128320,买盘
13:03:52,55.2,0.01,36,198681,买盘
13:03:54,55.18,-0.02,51,281484,卖盘
13:03:57,55.2,0.02,200,1103990,买盘
13:04:00,55.19,-0.01,13,71749,中性盘
13:04:04,55.19,0.0,23,126929,买盘
13:04:07,55.19,0.0,111,612576,买盘
13:04:09,55.19,0.0,4,22076,卖盘
13:04:13,55.18,-0.01,55,303575,卖盘
13:04:16,55.19,0.01,51,281510,买盘
13:04:19,55.19,0.0,27,149026,卖盘
13:04:21,55.19,0.0,23,126955,中性盘
13:04:24,55.2,0.01,73,402938,买盘
13:04:27,55.19,-0.01,18,99351,卖盘
13:04:31,55.19,0.0,22,121420,卖盘
13:04:34,55.2,0.01,9,49680,买盘
13:04:36,55.19,-0.01,7,38633,买盘
13:04:39,55.18,-0.01,47,259391,卖盘
13:04:43,55.18,0.0,26,143471,卖盘
13:04:46,55.18,0.0,509,2809523,卖盘
13:04:48,55.18,0.0,15,82780,卖盘
13:04:51,55.18,0.0,68,375262,卖盘
13:04:54,55.18,0.0,19,104843,卖盘
13:04:58,55.18,0.0,276,1523374,卖盘
13:05:00,55.2,0.02,421,2323781,买盘
13:05:04,55.17,-0.03,11,60698,卖盘
13:05:06,55.17,0.0,1,5517,卖盘
13:05:09,55.18,0.01,30,165514,买盘
13:05:12,55.17,-0.01,12,66209,卖盘
13:05:16,55.18,0.01,8,44143,买盘
13:05:19,55.17,-0.01,25,137926,卖盘
13:05:22,55.17,0.0,75,413810,卖盘
13:05:24,55.17,0.0,49,270357,卖盘
13:05:27,55.17,0.0,36,198627,卖盘
13:05:31,55.17,0.0,34,187600,卖盘
13:05:33,55.18,0.01,35,193106,买盘
13:05:37,55.17,-0.01,82,452433,卖盘
13:05:39,55.18,0.01,57,314491,买盘
13:05:43,55.17,-0.01,33,182073,卖盘
13:05:45,55.17,0.0,57,314471,卖盘
13:05:49,55.17,0.0,36,198596,买盘
13:05:51,55.16,-0.01,5,27581,卖盘
13:05:55,55.16,0.0,48,264804,卖盘
13:05:58,55.16,0.0,35,193070,卖盘
13:06:01,55.15,-0.01,34,187531,卖盘
13:06:04,55.15,0.0,10,55158,卖盘
13:06:07,55.15,0.0,12,66180,卖盘
13:06:10,55.15,0.0,8,44120,买盘
13:06:13,55.15,0.0,16,88239,买盘
13:06:16,55.16,0.01,41,226112,买盘
13:06:19,55.14,-0.02,2,11028,买盘
13:06:21,55.14,0.0,53,292230,买盘
13:06:25,55.14,0.0,9,49623,买盘
13:06:28,55.13,-0.01,70,385879,中性盘
13:06:30,55.14,0.01,9,49622,买盘
13:06:34,55.14,0.0,31,170896,买盘
13:06:37,55.12,-0.02,36,198466,卖盘
13:06:39,55.11,-0.01,11,60641,卖盘
13:06:43,55.13,0.02,8,44098,买盘
13:06:46,55.13,0.0,34,187421,买盘
13:06:49,55.12,-0.01,1,5512,买盘
13:06:51,55.11,-0.01,55,303180,卖盘
13:06:54,55.12,0.01,11,60636,卖盘
13:06:58,55.13,0.01,6,33072,买盘
13:07:01,55.12,-0.01,5,27560,卖盘
13:07:04,55.11,-0.01,137,755011,卖盘
13:07:07,55.1,-0.01,21,115729,卖盘
13:07:10,55.1,0.0,11,60612,卖盘
13:07:12,55.11,0.01,23,126745,买盘
13:07:16,55.12,0.01,35,192887,买盘
13:07:19,55.11,-0.01,18,99200,卖盘
13:07:22,55.11,0.0,46,253545,卖盘
13:07:24,55.11,0.0,14,74676,卖盘
13:07:27,55.12,0.01,27,148812,买盘
13:07:30,55.13,0.01,20,110252,买盘
13:07:33,55.11,-0.02,12,66130,卖盘
13:07:36,55.11,0.0,25,137771,买盘
13:07:39,55.11,0.0,64,352657,买盘
13:07:42,55.1,-0.01,20,110203,卖盘
13:07:45,55.13,0.03,47,259018,买盘
13:07:49,55.1,-0.03,94,518141,卖盘
13:07:52,55.11,0.01,8,44083,买盘
13:07:54,55.11,0.0,4,22043,买盘
13:07:58,55.1,-0.01,10,55106,卖盘
13:08:00,55.1,0.0,19,104692,卖盘
13:08:05,55.1,0.0,62,344116,卖盘
13:08:07,55.11,0.01,62,341663,买盘
13:08:10,55.11,0.0,11,60620,买盘
13:08:13,55.1,-0.01,20,110194,中性盘
13:08:16,55.11,0.01,31,170821,买盘
13:08:19,55.11,0.0,62,341679,买盘
13:08:21,55.11,0.0,13,71632,买盘
13:08:25,55.1,-0.01,7,38571,卖盘
13:08:27,55.1,0.0,59,325148,卖盘
13:08:31,55.11,0.01,66,363719,买盘
13:08:33,55.13,0.02,77,424349,买盘
13:08:36,55.12,-0.01,11,60625,中性盘
13:08:39,55.12,0.0,6,33072,卖盘
13:08:42,55.1,-0.02,54,297589,卖盘
13:08:45,55.13,0.03,46,251100,买盘
13:08:49,55.13,0.0,23,126799,卖盘
13:08:51,55.13,0.0,23,126799,卖盘
13:08:55,55.12,-0.01,10,57606,卖盘
13:08:57,55.13,0.01,1,5513,买盘
13:09:00,55.13,0.0,31,170896,买盘
13:09:04,55.12,-0.01,22,121279,卖盘
13:09:07,55.12,0.0,18,99216,卖盘
13:09:10,55.13,0.01,44,242572,买盘
13:09:13,55.13,0.0,20,110254,买盘
13:09:15,55.13,0.0,18,99232,买盘
13:09:18,55.14,0.01,67,369366,买盘
13:09:22,55.13,-0.01,12,66145,中性盘
13:09:24,55.13,0.0,11,60645,卖盘
13:09:28,55.13,0.0,11,60649,卖盘
13:09:30,55.13,0.0,10,55132,卖盘
13:09:33,55.13,0.0,6,33078,买盘
13:09:36,55.12,-0.01,54,297706,卖盘
13:09:39,55.13,0.01,75,413450,买盘
13:09:42,55.14,0.01,53,292205,买盘
13:09:45,55.12,-0.02,14,74698,卖盘
13:09:49,55.15,0.03,35,193024,买盘
13:09:51,55.14,-0.01,20,110278,卖盘
13:09:55,55.14,0.0,51,281239,卖盘
13:09:57,55.14,0.0,16,88223,中性盘
13:10:01,55.14,0.0,3,16544,中性盘
13:10:05,55.15,0.01,17,93747,买盘
13:10:07,55.13,-0.02,27,151347,卖盘
13:10:09,55.15,0.02,9,49627,买盘
13:10:12,55.13,-0.02,32,176426,卖盘
13:10:15,55.13,0.0,46,251121,卖盘
13:10:19,55.12,-0.01,60,333200,卖盘
13:10:21,55.13,0.01,122,672456,买盘
13:10:24,55.13,0.0,33,181901,买盘
13:10:27,55.13,0.0,25,137777,买盘
13:10:30,55.13,0.0,91,501516,买盘
13:10:33,55.13,0.0,60,330672,买盘
13:10:37,55.13,0.0,63,347276,买盘
13:10:40,55.11,-0.02,68,374866,中性盘
13:10:43,55.1,-0.01,30,165300,卖盘
13:10:45,55.11,0.01,39,214895,买盘
13:10:48,55.11,0.0,110,606070,买盘
13:10:51,55.11,0.0,65,358189,中性盘
13:10:54,55.1,-0.01,34,187345,卖盘
13:10:57,55.11,0.01,51,281061,买盘
13:11:00,55.11,0.0,19,104691,买盘
13:11:04,55.1,-0.01,31,170815,卖盘
13:11:07,55.1,0.0,30,165341,卖盘
13:11:10,55.11,0.01,34,187354,中性盘
13:11:13,55.11,0.0,1,5511,卖盘
13:11:15,55.12,0.01,7,38578,买盘
13:11:18,55.13,0.01,74,407921,买盘
13:11:21,55.11,-0.02,21,115738,卖盘
13:11:24,55.11,0.0,7,38575,买盘
13:11:27,55.11,0.0,11,60620,买盘
13:11:31,55.1,-0.01,14,77141,卖盘
13:11:33,55.11,0.01,18,99198,买盘
13:11:37,55.11,0.0,55,303056,买盘
13:11:40,55.11,0.0,4,22041,中性盘
13:11:43,55.1,-0.01,31,170813,卖盘
13:11:45,55.1,0.0,37,203888,卖盘
13:11:48,55.1,0.0,98,540053,卖盘
13:11:51,55.1,0.0,22,121220,卖盘
13:11:54,55.1,0.0,120,661286,卖盘
13:11:57,55.11,0.01,25,137756,买盘
13:12:00,55.11,0.0,42,231432,买盘
13:12:04,55.12,0.01,78,429878,买盘
13:12:07,55.1,-0.02,10,55100,卖盘
13:12:09,55.11,0.01,17,93687,买盘
13:12:13,55.11,0.0,45,247994,卖盘
13:12:15,55.11,0.0,21,115731,买盘
13:12:19,55.1,-0.01,59,325126,卖盘
13:12:22,55.1,0.0,17,93677,卖盘
13:12:24,55.1,0.0,8,44081,卖盘
13:12:27,55.1,0.0,18,99181,卖盘
13:12:30,55.11,0.01,59,325108,买盘
13:12:33,55.11,0.0,35,192870,买盘
13:12:36,55.11,0.0,125,688851,买盘
13:12:39,55.11,0.0,33,181864,卖盘
13:12:43,55.11,0.0,35,192891,卖盘
13:12:45,55.11,0.0,96,529095,卖盘
13:12:48,55.12,0.01,48,264568,买盘
13:12:52,55.11,-0.01,62,341747,卖盘
13:12:54,55.12,0.01,47,259064,买盘
13:12:57,55.13,0.01,105,578798,买盘
13:13:01,55.12,-0.01,46,253572,卖盘
13:13:04,55.12,0.0,11,60636,卖盘
13:13:07,55.12,0.0,76,418967,卖盘
13:13:10,55.12,0.0,104,573330,卖盘
13:13:13,55.13,0.01,12,66155,买盘
13:13:15,55.12,-0.01,87,479571,卖盘
13:13:18,55.13,0.01,14,77189,卖盘
13:13:22,55.12,-0.01,12,66149,卖盘
13:13:24,55.12,0.0,71,391375,卖盘
13:13:27,55.14,0.02,41,226013,买盘
13:13:30,55.13,-0.01,24,132312,卖盘
13:13:33,55.14,0.01,5,27570,买盘
13:13:36,55.14,0.0,28,154365,买盘
13:13:39,55.13,-0.01,19,104763,卖盘
13:13:43,55.13,0.0,3,16539,中性盘
13:13:45,55.14,0.01,15,82709,买盘
13:13:48,55.14,0.0,45,248129,买盘
13:13:52,55.14,0.0,6,33080,买盘
13:13:54,55.14,0.0,68,374942,买盘
13:13:58,55.14,0.0,19,104763,买盘
13:14:01,55.14,0.0,13,71673,买盘
13:14:04,55.14,0.0,23,126804,买盘
13:14:07,55.12,-0.02,54,297698,卖盘
13:14:09,55.13,0.01,28,154358,买盘
13:14:12,55.13,0.0,5,27561,买盘
13:14:15,55.13,0.0,51,281152,买盘
13:14:19,55.13,0.0,12,66145,买盘
13:14:22,55.13,0.0,19,104742,买盘
13:14:24,55.13,0.0,80,441035,买盘
13:14:28,55.13,0.0,26,143342,卖盘
13:14:30,55.13,0.0,28,154365,卖盘
13:14:33,55.12,-0.01,20,110256,卖盘
13:14:37,55.12,0.0,10,55128,卖盘
13:14:40,55.12,0.0,5,27560,卖盘
13:14:43,55.12,0.0,35,192965,卖盘
13:14:46,55.12,0.0,7,38585,卖盘
13:14:49,55.13,0.01,22,121273,买盘
13:14:51,55.12,-0.01,82,452010,卖盘
13:14:54,55.13,0.01,63,347277,买盘
13:14:57,55.13,0.0,70,385944,买盘
13:15:01,55.12,-0.01,17,93693,买盘
13:15:05,55.14,0.02,12,66163,买盘
13:15:07,55.14,0.0,45,248105,买盘
13:15:10,55.12,-0.02,19,104723,中性盘
13:15:13,55.14,0.02,44,242576,买盘
13:15:15,55.13,-0.01,12,66146,买盘
13:15:19,55.14,0.01,38,209523,买盘
13:15:22,55.14,0.0,28,154382,买盘
13:15:24,55.13,-0.01,20,110277,卖盘
13:15:27,55.14,0.01,26,143344,买盘
13:15:31,55.14,0.0,25,137844,买盘
13:15:33,55.13,-0.01,12,66159,买盘
13:15:37,55.12,-0.01,30,165400,卖盘
13:15:40,55.12,0.0,133,730552,卖盘
13:15:42,55.14,0.02,37,203998,买盘
13:15:46,55.12,-0.02,13,71670,卖盘
13:15:48,55.14,0.02,55,303239,买盘
13:15:51,55.13,-0.01,18,99229,卖盘
13:15:54,55.13,0.0,10,55128,买盘
13:15:58,55.14,0.01,20,110258,买盘
13:16:00,55.14,0.0,55,303257,买盘
13:16:04,55.13,-0.01,15,82701,卖盘
13:16:06,55.13,0.0,10,55136,卖盘
13:16:09,55.14,0.01,23,126818,买盘
13:16:12,55.15,0.01,289,1593654,买盘
13:16:15,55.14,-0.01,25,137828,中性盘
13:16:19,55.15,0.01,47,259169,买盘
13:16:22,55.13,-0.02,96,529383,卖盘
13:16:25,55.15,0.02,24,132348,买盘
13:16:27,55.15,0.0,42,231639,卖盘
13:16:31,55.15,0.0,55,303373,卖盘
13:16:33,55.15,0.0,21,115821,卖盘
13:16:37,55.16,0.01,56,308893,买盘
13:16:39,55.15,-0.01,67,369534,卖盘
13:16:43,55.16,0.01,21,115827,买盘
13:16:45,55.17,0.01,43,237215,买盘
13:16:48,55.15,-0.02,29,159946,卖盘
13:16:51,55.17,0.02,9,49642,买盘
13:16:54,55.16,-0.01,1,5516,卖盘
13:16:57,55.17,0.01,66,364114,买盘
13:17:00,55.18,0.01,9,49654,买盘
13:17:05,55.18,0.0,59,325548,买盘
13:17:07,55.17,-0.01,53,292422,卖盘
13:17:09,55.19,0.02,74,408353,买盘
13:17:13,55.18,-0.01,125,689751,卖盘
13:17:15,55.18,0.0,37,204166,卖盘
13:17:18,55.18,0.0,119,656736,卖盘
13:17:21,55.19,0.01,61,336651,买盘
13:17:24,55.19,0.0,28,154551,卖盘
13:17:28,55.19,0.0,60,331184,卖盘
13:17:31,55.19,0.0,52,287017,卖盘
13:17:33,55.2,0.01,27,149032,买盘
13:17:36,55.19,-0.01,12,66228,卖盘
13:17:40,55.2,0.01,69,380868,买盘
13:17:42,55.2,0.0,180,993516,买盘
13:17:45,55.2,0.0,187,1032209,买盘
13:17:49,55.19,-0.01,164,905219,卖盘
13:17:51,55.19,0.0,34,187642,卖盘
13:17:55,55.2,0.01,20,110368,买盘
13:17:57,55.2,0.0,58,320155,买盘
13:18:00,55.19,-0.01,20,110393,卖盘
13:18:04,55.19,0.0,14,77268,买盘
13:18:07,55.19,0.0,340,1876747,卖盘
13:18:09,55.2,0.01,115,634737,买盘
13:18:13,55.2,0.0,86,472709,买盘
13:18:15,55.2,0.0,3,18547,买盘
13:18:19,55.2,0.0,15,82792,买盘
13:18:21,55.2,0.0,26,143518,买盘
13:18:25,55.19,-0.01,50,276015,卖盘
13:18:27,55.2,0.01,33,181053,买盘
13:18:30,55.2,0.0,39,215266,买盘
13:18:33,55.19,-0.01,38,209746,卖盘
13:18:36,55.18,-0.01,23,128043,卖盘
13:18:39,55.19,0.01,24,132456,买盘
13:18:42,55.2,0.01,38,209742,买盘
13:18:45,55.2,0.0,4,22079,买盘
13:18:48,55.2,0.0,10,55200,买盘
13:18:52,55.19,-0.01,26,143497,卖盘
13:18:55,55.2,0.01,14,77271,买盘
13:18:58,55.19,-0.01,65,358796,卖盘
13:19:01,55.2,0.01,6,33118,买盘
13:19:05,55.2,0.0,44,242879,买盘
13:19:06,55.19,-0.01,15,82792,卖盘
13:19:09,55.2,0.01,5,27600,买盘
13:19:13,55.2,0.0,64,353277,买盘
13:19:15,55.2,0.0,43,237338,买盘
13:19:18,55.2,0.0,88,485808,买盘
13:19:22,55.19,-0.01,60,331198,卖盘
13:19:24,55.19,0.0,6,33117,卖盘
13:19:28,55.2,0.01,56,309114,买盘
13:19:31,55.2,0.0,64,353276,买盘
13:19:33,55.2,0.0,22,121532,买盘
13:19:37,55.2,0.0,58,320160,买盘
13:19:40,55.19,-0.01,54,298063,卖盘
13:19:42,55.2,0.01,43,237337,买盘
13:19:45,55.19,-0.01,110,607175,卖盘
13:19:48,55.2,0.01,1,5520,买盘
13:19:51,55.19,-0.01,19,104872,卖盘
13:19:55,55.19,0.0,19,104873,卖盘
13:19:58,55.2,0.01,41,226306,买盘
13:20:00,55.19,-0.01,101,557421,卖盘
13:20:04,55.19,0.0,54,298064,卖盘
13:20:07,55.19,0.0,9,49672,卖盘
13:20:10,55.19,0.0,69,380843,卖盘
13:20:13,55.2,0.01,17,93833,买盘
13:20:15,55.19,-0.01,24,132365,卖盘
13:20:19,55.2,0.01,15,82796,卖盘
13:20:21,55.18,-0.02,7,38630,卖盘
13:20:25,55.19,0.01,8,44151,买盘
13:20:28,55.19,0.0,9,49671,买盘
13:20:30,55.2,0.01,20,110376,买盘
13:20:34,55.18,-0.02,22,121429,卖盘
13:20:37,55.19,0.01,43,237350,中性盘
13:20:39,55.19,0.0,73,402946,卖盘
13:20:43,55.19,0.0,15,82785,买盘
13:20:45,55.2,0.01,25,137978,买盘
13:20:48,55.19,-0.01,6,33115,卖盘
13:20:51,55.19,0.0,34,187642,买盘
13:20:55,55.19,0.0,7,38633,买盘
13:20:58,55.19,0.0,25,137971,买盘
13:21:00,55.19,0.0,14,77260,买盘
13:21:04,55.18,-0.01,69,380800,卖盘
13:21:07,55.19,0.01,88,485635,买盘
13:21:10,55.19,0.0,13,71747,买盘
13:21:12,55.18,-0.01,2,11038,卖盘
13:21:19,55.19,0.01,144,794858,卖盘
13:21:21,55.18,-0.01,52,286985,卖盘
13:21:24,55.19,0.01,6,33113,买盘
13:21:28,55.19,0.0,3,16557,买盘
13:21:31,55.18,-0.01,69,380776,卖盘
13:21:33,55.18,0.0,76,419414,卖盘
13:21:37,55.18,0.0,37,204189,卖盘
13:21:39,55.19,0.01,45,248360,买盘
13:21:43,55.19,0.0,165,910502,买盘
13:21:45,55.19,0.0,126,695293,买盘
13:21:48,55.18,-0.01,128,706266,卖盘
13:21:51,55.17,-0.01,37,204162,卖盘
13:21:55,55.16,-0.01,136,750311,卖盘
13:21:57,55.18,0.02,6,33105,买盘
13:22:01,55.18,0.0,16,88288,买盘
13:22:05,55.18,0.0,113,623429,买盘
13:22:07,55.18,0.0,43,237272,买盘
13:22:10,55.19,0.01,4,20694,买盘
13:22:13,55.18,-0.01,5,27592,卖盘
13:22:15,55.19,0.01,13,71735,买盘
13:22:18,55.18,-0.01,129,711846,卖盘
13:22:21,55.19,0.01,22,121414,买盘
13:22:24,55.18,-0.01,58,321424,卖盘
13:22:27,55.18,0.0,127,700610,买盘
13:22:30,55.18,0.0,6,33106,买盘
13:22:34,55.15,-0.03,108,595757,卖盘
13:22:36,55.15,0.0,32,176482,卖盘
13:22:39,55.15,0.0,59,325319,买盘
13:22:43,55.13,-0.02,98,540274,卖盘
13:22:45,55.13,0.0,276,1521141,买盘
13:22:48,55.12,-0.01,131,721860,买盘
13:22:55,55.11,-0.01,116,639697,中性盘
13:22:58,55.1,-0.01,81,446316,卖盘
13:23:01,55.17,0.07,78,430020,买盘
13:23:04,55.12,-0.05,18,99197,买盘
13:23:07,55.13,0.01,29,159891,卖盘
13:23:10,55.18,0.05,78,429920,买盘
13:23:13,55.13,-0.05,3,16542,卖盘
13:23:16,55.16,0.03,7,38612,买盘
13:23:21,55.16,0.0,11,60666,买盘
13:23:25,55.13,-0.03,26,143427,卖盘
13:23:27,55.18,0.05,6,33099,买盘
13:23:30,55.17,-0.01,5,27585,卖盘
13:23:34,55.18,0.01,16,88281,买盘
13:23:36,55.16,-0.02,37,204167,中性盘
13:23:39,55.19,0.03,84,463390,买盘
13:23:42,55.18,-0.01,17,93812,卖盘
13:23:46,55.18,0.0,3,16554,卖盘
13:23:49,55.19,0.01,54,298022,买盘
13:23:51,55.16,-0.03,33,182029,卖盘
13:23:54,55.16,0.0,37,204083,买盘
13:23:57,55.18,0.02,35,193118,买盘
13:24:00,55.18,0.0,20,110360,买盘
13:24:04,55.18,0.0,37,204188,卖盘
13:24:07,55.18,0.0,7,38629,卖盘
13:24:10,55.19,0.01,48,264910,买盘
13:24:13,55.19,0.0,33,182108,买盘
13:24:15,55.18,-0.01,62,342066,中性盘
13:24:19,55.18,0.0,1,5518,买盘
13:24:21,55.18,0.0,4,22071,买盘
13:24:24,55.17,-0.01,21,115864,卖盘
13:24:28,55.13,-0.04,158,871706,卖盘
13:24:30,55.17,0.04,4,22070,卖盘
13:24:33,55.17,0.0,88,485191,卖盘
13:24:36,55.12,-0.05,21,115856,卖盘
13:24:40,55.18,0.06,46,253809,买盘
13:24:42,55.17,-0.01,16,88272,卖盘
13:24:45,55.17,0.0,3,16548,买盘
13:24:49,55.13,-0.04,3,16543,卖盘
13:24:52,55.17,0.04,7,38619,买盘
13:24:54,55.18,0.01,69,380717,买盘
13:24:57,55.13,-0.05,11,60652,卖盘
13:25:01,55.13,0.0,9,49623,卖盘
13:25:05,55.13,0.0,8,44111,卖盘
13:25:07,55.13,0.0,12,66163,卖盘
13:25:09,55.14,0.01,2,11028,买盘
13:25:12,55.13,-0.01,17,93735,卖盘
13:25:16,55.13,0.0,92,507267,卖盘
13:25:18,55.13,0.0,84,463092,卖盘
13:25:21,55.13,0.0,7,38591,买盘
13:25:24,55.13,0.0,54,297698,买盘
13:25:27,55.12,-0.01,7,38586,卖盘
13:25:31,55.13,0.01,35,192955,买盘
13:25:34,55.13,0.0,17,93715,买盘
13:25:36,55.14,0.01,111,611947,买盘
13:25:39,55.13,-0.01,20,110263,卖盘
13:25:43,55.14,0.01,11,60654,买盘
13:25:46,55.14,0.0,67,369385,买盘
13:25:49,55.14,0.0,85,468664,买盘
13:25:52,55.17,0.03,35,193048,买盘
13:25:55,55.14,-0.03,8,44109,中性盘
13:25:58,55.13,-0.01,6,33079,卖盘
13:26:01,55.16,0.03,38,209558,买盘
13:26:04,55.14,-0.02,17,93760,买盘
13:26:06,55.14,0.0,3,16542,卖盘
13:26:09,55.14,0.0,41,226178,卖盘
13:26:13,55.16,0.02,3,16548,买盘
13:26:16,55.16,0.0,10,55160,买盘
13:26:19,55.16,0.0,1,5516,买盘
13:26:21,55.16,0.0,21,115825,买盘
13:26:24,55.15,-0.01,14,77213,卖盘
13:26:27,55.15,0.0,8,44123,卖盘
13:26:31,55.16,0.01,16,88247,买盘
13:26:33,55.15,-0.01,231,1273800,卖盘
13:26:37,55.14,-0.01,57,314353,卖盘
13:26:39,55.15,0.01,21,115815,买盘
13:26:43,55.15,0.0,4,22060,买盘
13:26:45,55.14,-0.01,350,1929881,卖盘
13:26:49,55.15,0.01,2,11030,买盘
13:26:51,55.15,0.0,40,220600,买盘
13:26:55,55.14,-0.01,7,38601,卖盘
13:26:57,55.14,0.0,52,286728,卖盘
13:27:01,55.13,-0.01,24,132332,卖盘
13:27:04,55.13,0.0,19,104754,卖盘
13:27:07,55.13,0.0,18,99239,卖盘
13:27:09,55.14,0.01,5,27570,买盘
13:27:12,55.13,-0.01,22,121303,卖盘
13:27:15,55.14,0.01,11,60647,买盘
13:27:18,55.13,-0.01,108,595406,卖盘
13:27:22,55.13,0.0,98,540327,卖盘
13:27:25,55.14,0.01,15,82694,买盘
13:27:28,55.14,0.0,10,55136,买盘
13:27:31,55.13,-0.01,3,16539,买盘
13:27:34,55.13,0.0,30,165389,买盘
13:27:36,55.12,-0.01,15,82693,卖盘
13:27:39,55.13,0.01,27,148851,买盘
13:27:42,55.14,0.01,12,66156,买盘
13:27:45,55.14,0.0,63,347375,买盘
13:27:49,55.14,0.0,1,5514,买盘
13:27:52,55.14,0.0,36,198489,买盘
13:27:55,55.13,-0.01,55,303247,卖盘
13:27:58,55.14,0.01,6,33080,买盘
13:28:00,55.13,-0.01,50,275696,卖盘
13:28:04,55.13,0.0,29,159884,卖盘
13:28:07,55.13,0.0,53,292204,卖盘
13:28:09,55.14,0.01,75,413516,买盘
13:28:12,55.13,-0.01,11,60642,中性盘
13:28:16,55.13,0.0,35,192978,买盘
13:28:19,55.13,0.0,5,27562,买盘
13:28:21,55.12,-0.01,502,2767024,卖盘
13:28:25,55.13,0.01,14,77169,买盘
13:28:27,55.12,-0.01,9,49611,中性盘
13:28:30,55.12,0.0,36,198463,买盘
13:28:33,55.13,0.01,29,159877,买盘
13:28:37,55.15,0.02,101,556922,买盘
13:28:39,55.15,0.0,30,165438,买盘
13:28:42,55.13,-0.02,38,209521,卖盘
13:28:45,55.13,0.0,35,192962,卖盘
13:28:49,55.15,0.02,54,297712,买盘
13:28:52,55.15,0.0,64,352959,买盘
13:28:55,55.14,-0.01,13,71682,卖盘
13:28:57,55.13,-0.01,47,259168,卖盘
13:29:01,55.15,0.02,38,209570,买盘
13:29:04,55.15,0.0,124,683873,卖盘
13:29:06,55.13,-0.02,75,413626,卖盘
13:29:13,55.15,0.02,111,611965,买盘
13:29:16,55.15,0.0,19,104783,买盘
13:29:18,55.14,-0.01,22,121327,中性盘
13:29:21,55.13,-0.01,120,661538,卖盘
13:29:25,55.12,-0.01,5,27561,卖盘
13:29:27,55.13,0.01,42,231546,买盘
13:29:31,55.13,0.0,20,110260,买盘
13:29:34,55.11,-0.02,124,683436,卖盘
13:29:37,55.12,0.01,25,137821,中性盘
13:29:39,55.12,0.0,5,27564,卖盘
13:29:42,55.12,0.0,77,424490,中性盘
13:29:46,55.11,-0.01,57,314147,卖盘
13:29:48,55.13,0.02,55,303161,买盘
13:29:51,55.12,-0.01,30,165389,卖盘
13:29:54,55.12,0.0,16,88202,卖盘
13:29:58,55.11,-0.01,102,562082,卖盘
13:30:01,55.1,-0.01,140,771439,卖盘
13:30:05,55.11,0.01,33,181847,买盘
13:30:07,55.11,0.0,15,82667,中性盘
13:30:09,55.12,0.01,88,484970,买盘
13:30:12,55.1,-0.02,6,33060,卖盘
13:30:16,55.1,0.0,28,154293,卖盘
13:30:19,55.1,0.0,194,1068964,卖盘
13:30:21,55.1,0.0,74,407787,卖盘
13:30:24,55.1,0.0,13,71625,买盘
13:30:27,55.09,-0.01,17,93654,卖盘
13:30:31,55.1,0.01,61,336100,买盘
13:30:33,55.09,-0.01,39,214855,卖盘
13:30:37,55.09,0.0,13,71628,卖盘
13:30:39,55.09,0.0,72,396662,卖盘
13:30:42,55.09,0.0,180,991629,卖盘
13:30:46,55.09,0.0,71,391140,卖盘
13:30:48,55.09,0.0,88,484822,卖盘
13:30:52,55.09,0.0,45,247914,卖盘
13:30:54,55.09,0.0,80,440736,卖盘
13:30:57,55.09,0.0,17,93663,卖盘
13:31:01,55.09,0.0,13,71672,卖盘
13:31:05,55.1,0.01,124,683146,买盘
13:31:06,55.1,0.0,173,953230,卖盘
13:31:09,55.1,0.0,71,391210,卖盘
13:31:12,55.11,0.01,21,115723,买盘
13:31:15,55.1,-0.01,36,198360,卖盘
13:31:19,55.1,0.0,94,517950,卖盘
13:31:21,55.1,0.0,140,771302,卖盘
13:31:25,55.09,-0.01,42,231415,卖盘
13:31:27,55.1,0.01,12,66120,买盘
13:31:30,55.09,-0.01,107,589465,卖盘
13:31:33,55.1,0.01,12,66119,买盘
13:31:36,55.09,-0.01,30,165271,卖盘
13:31:40,55.09,0.0,18,99168,卖盘
13:31:43,55.1,0.01,66,363605,买盘
13:31:45,55.09,-0.01,13,71619,卖盘
13:31:49,55.09,0.0,40,220360,卖盘
13:31:51,55.1,0.01,96,528889,买盘
13:31:54,55.08,-0.02,16,88143,卖盘
13:31:58,55.08,0.0,18,99146,卖盘
13:32:00,55.09,0.01,13,71612,买盘
13:32:04,55.09,0.0,203,1118134,买盘
13:32:07,55.08,-0.01,27,148725,卖盘
13:32:10,55.08,0.0,122,671976,卖盘
13:32:13,55.08,0.0,26,143210,卖盘
13:32:15,55.09,0.01,78,429632,买盘
13:32:19,55.09,0.0,75,413153,买盘
13:32:22,55.08,-0.01,108,594912,卖盘
13:32:25,55.08,0.0,158,870264,卖盘
