time,price,change,volume,amount,type
09:25:00,54.4,0.0,1429,7773760,卖盘
09:30:00,54.4,0.0,342,1860394,买盘
09:30:04,54.35,-0.05,935,5080578,卖盘
09:30:07,54.32,-0.03,446,2425428,卖盘
09:30:10,54.35,0.03,156,847684,买盘
09:30:13,54.35,0.0,99,537976,买盘
09:30:15,54.32,-0.03,120,651888,卖盘
09:30:18,54.32,0.0,87,472816,买盘
09:30:22,54.35,0.03,113,614038,买盘
09:30:25,54.37,0.02,335,1821840,卖盘
09:30:28,54.38,0.01,194,1054938,中性盘
09:30:31,54.38,0.0,54,293674,买盘
09:30:33,54.35,-0.03,51,277296,卖盘
09:30:37,54.37,0.02,45,244579,买盘
09:30:39,54.29,-0.08,30,163070,卖盘
09:30:43,54.29,0.0,17,92288,买盘
09:30:45,54.28,-0.01,76,412582,卖盘
09:30:49,54.28,0.0,84,455908,卖盘
09:30:51,54.28,0.0,78,423186,买盘
09:30:55,54.22,-0.06,21,113974,卖盘
09:30:57,54.27,0.05,23,124742,买盘
09:31:00,54.21,-0.06,43,233254,卖盘
09:31:04,54.21,0.0,115,623492,卖盘
09:31:06,54.21,0.0,119,645294,卖盘
09:31:09,54.21,0.0,55,298137,买盘
09:31:12,54.2,-0.01,146,791297,卖盘
09:31:16,54.17,-0.03,109,590671,卖盘
09:31:19,54.17,0.0,33,178757,买盘
09:31:21,54.18,0.01,47,254609,买盘
09:31:25,54.17,-0.01,31,167949,卖盘
09:31:27,54.18,0.01,28,151697,买盘
09:31:31,54.17,-0.01,231,1251740,卖盘
09:31:33,54.17,0.0,58,314188,买盘
09:31:37,54.17,0.0,58,314201,卖盘
09:31:40,54.17,0.0,39,211267,卖盘
09:31:42,54.17,0.0,29,157079,买盘
09:31:46,54.17,0.0,15,81247,买盘
09:31:48,54.15,-0.02,33,178727,卖盘
09:31:51,54.15,0.0,46,249095,卖盘
09:31:55,54.15,0.0,20,108288,买盘
09:31:57,54.16,0.01,177,958551,买盘
09:32:01,54.16,0.0,68,368271,卖盘
09:32:05,54.17,0.01,105,568699,买盘
09:32:07,54.15,-0.02,189,1023665,卖盘
09:32:10,54.17,0.02,247,1338063,买盘
09:32:13,54.17,0.0,74,400980,卖盘
09:32:15,54.19,0.02,43,233017,卖盘
09:32:19,54.19,0.0,12,65028,卖盘
09:32:22,54.2,0.01,457,2476971,买盘
09:32:25,54.21,0.01,40,216824,买盘
09:32:27,54.21,0.0,7,37947,卖盘
09:32:31,54.22,0.01,15,81328,买盘
09:32:33,54.23,0.01,47,254838,买盘
09:32:36,54.23,0.0,42,227745,买盘
09:32:39,54.23,0.0,17,92191,卖盘
09:32:43,54.25,0.02,25,135591,买盘
09:32:45,54.25,0.0,28,151898,买盘
09:32:49,54.25,0.0,77,417636,卖盘
09:32:51,54.26,0.01,120,651252,买盘
09:32:55,54.25,-0.01,26,141059,卖盘
09:32:57,54.27,0.02,69,374318,买盘
09:33:00,54.26,-0.01,34,184487,卖盘
09:33:04,54.25,-0.01,80,434053,卖盘
09:33:07,54.3,0.05,238,1291518,买盘
09:33:10,54.3,0.0,50,271500,卖盘
09:33:13,54.32,0.02,80,434408,买盘
09:33:16,54.3,-0.02,137,743947,卖盘
09:33:19,54.32,0.02,171,928454,买盘
09:33:22,54.25,-0.07,96,521110,卖盘
09:33:24,54.26,0.01,76,412604,中性盘
09:33:28,54.27,0.01,18,97685,中性盘
09:33:30,54.27,0.0,16,86829,卖盘
09:33:33,54.27,0.0,18,97683,卖盘
09:33:36,54.28,0.01,73,396188,买盘
09:33:39,54.26,-0.02,49,265881,卖盘
09:33:43,54.27,0.01,69,374408,卖盘
09:33:45,54.27,0.0,51,276681,买盘
09:33:48,54.25,-0.02,29,157339,卖盘
09:33:51,54.26,0.01,41,222452,买盘
09:33:54,54.24,-0.02,88,477506,卖盘
09:33:58,54.25,0.01,107,580464,中性盘
09:34:01,54.25,0.0,82,444892,卖盘
09:34:04,54.25,0.0,20,108492,买盘
09:34:07,54.24,-0.01,65,352582,卖盘
09:34:10,54.24,0.0,52,282049,卖盘
09:34:12,54.24,0.0,28,151855,买盘
09:34:15,54.25,0.01,35,189838,买盘
09:34:18,54.24,-0.01,338,1832979,中性盘
09:34:22,54.24,0.0,83,450160,买盘
09:34:25,54.23,-0.01,130,705081,卖盘
09:34:28,54.23,0.0,94,509804,卖盘
09:34:31,54.24,0.01,132,715865,买盘
09:34:33,54.23,-0.01,186,1008686,卖盘
09:34:37,54.23,0.0,81,439278,卖盘
09:34:39,54.23,0.0,280,1518446,卖盘
09:34:42,54.23,0.0,70,379597,卖盘
09:34:45,54.23,0.0,74,401292,买盘
09:34:48,54.22,-0.01,94,509672,卖盘
09:34:52,54.21,-0.01,107,580126,卖盘
09:34:55,54.22,0.01,100,542147,买盘
09:34:58,54.22,0.0,74,401151,买盘
09:35:01,54.21,-0.01,120,650429,中性盘
09:35:04,54.2,-0.01,120,650391,卖盘
09:35:06,54.14,-0.06,569,3081233,卖盘
09:35:09,54.19,0.05,76,411279,买盘
09:35:13,54.08,-0.11,29,156832,卖盘
09:35:15,54.08,0.0,45,243319,买盘
09:35:19,54.05,-0.03,35,189243,卖盘
09:35:21,54.04,-0.01,180,972428,卖盘
09:35:25,54.04,0.0,60,324075,买盘
09:35:27,54.04,0.0,65,351091,买盘
09:35:30,54.01,-0.03,103,556389,卖盘
09:35:33,54.03,0.02,122,659102,买盘
09:35:36,54.02,-0.01,133,718504,中性盘
09:35:40,54.03,0.01,132,713035,买盘
09:35:43,54.02,-0.01,452,2441000,卖盘
09:35:46,54.02,0.0,100,540244,中性盘
09:35:48,54.02,0.0,103,556372,中性盘
09:35:52,54.01,-0.01,77,415891,卖盘
09:35:54,54.01,0.0,94,507731,卖盘
09:35:57,54.01,0.0,126,680565,卖盘
09:36:00,54.01,0.0,39,210615,买盘
09:36:04,54.01,0.0,279,1506646,买盘
09:36:06,54.01,0.0,52,281014,买盘
09:36:09,54.01,0.0,54,291620,买盘
09:36:12,54.01,0.0,86,464448,卖盘
09:36:15,54.0,-0.01,138,745240,卖盘
09:36:18,54.01,0.01,41,221441,中性盘
09:36:21,54.01,0.0,46,248446,卖盘
09:36:25,54.01,0.0,77,415899,卖盘
09:36:27,54.03,0.02,210,1134145,买盘
09:36:30,54.01,-0.02,59,318655,中性盘
09:36:33,54.0,-0.01,108,583126,卖盘
09:36:37,54.0,0.0,33,178224,卖盘
09:36:39,54.03,0.03,102,550918,买盘
09:36:43,54.01,-0.02,33,178237,卖盘
09:36:45,54.0,-0.01,60,324074,卖盘
09:36:48,54.01,0.01,45,243006,买盘
09:36:52,54.01,0.0,94,507614,买盘
09:36:55,54.0,-0.01,104,561663,卖盘
09:36:58,54.0,0.0,50,270002,买盘
09:37:00,54.0,0.0,67,361780,买盘
09:37:04,53.99,-0.01,67,361745,卖盘
09:37:07,53.99,0.0,20,107972,买盘
09:37:10,53.99,0.0,115,620854,买盘
09:37:12,53.98,-0.01,59,318517,卖盘
09:37:16,54.0,0.02,99,534598,买盘
09:37:18,53.96,-0.04,95,512548,卖盘
09:37:22,53.96,0.0,71,383082,买盘
09:37:25,53.96,0.0,222,1197288,买盘
09:37:27,53.95,-0.01,487,2624608,买盘
09:37:31,53.95,0.0,35,188789,买盘
09:37:34,53.91,-0.04,31,167137,卖盘
09:37:37,53.93,0.02,86,463721,买盘
09:37:40,53.92,-0.01,44,237215,买盘
09:37:43,53.9,-0.02,107,576802,卖盘
09:37:45,53.91,0.01,57,307289,买盘
09:37:48,53.92,0.01,66,355879,买盘
09:37:51,53.91,-0.01,26,140192,卖盘
09:37:54,53.92,0.01,48,258801,买盘
09:37:57,53.92,0.0,49,264175,买盘
09:38:01,53.92,0.0,59,318112,买盘
09:38:05,53.91,-0.01,109,587644,卖盘
09:38:07,53.92,0.01,118,636203,买盘
09:38:10,53.93,0.01,112,603952,买盘
09:38:13,53.92,-0.01,148,798043,卖盘
09:38:15,53.93,0.01,234,1261938,买盘
09:38:19,53.92,-0.01,96,517686,卖盘
09:38:21,53.93,0.01,135,731214,买盘
09:38:24,53.95,0.02,87,469189,买盘
09:38:27,53.93,-0.02,23,124052,卖盘
09:38:31,53.95,0.02,75,403888,买盘
09:38:34,53.97,0.02,45,242801,买盘
09:38:37,53.97,0.0,30,161878,买盘
09:38:39,53.97,0.0,124,669060,卖盘
09:38:42,53.98,0.01,29,156484,买盘
09:38:46,53.98,0.0,22,118756,买盘
09:38:48,53.98,0.0,25,134952,卖盘
09:38:52,53.99,0.01,60,323915,买盘
09:38:55,53.99,0.0,86,464282,买盘
09:38:58,53.99,0.0,53,286134,买盘
09:39:00,54.03,0.04,257,1388016,买盘
09:39:05,54.0,-0.03,403,2176251,卖盘
09:39:07,54.05,0.05,155,837078,买盘
09:39:10,54.01,-0.04,15,81017,卖盘
09:39:12,54.03,0.02,55,297115,买盘
09:39:16,54.0,-0.03,89,480694,卖盘
09:39:18,54.05,0.05,47,253975,买盘
09:39:21,54.05,0.0,41,221533,买盘
09:39:25,54.05,0.0,31,167499,买盘
09:39:28,54.04,-0.01,39,210743,卖盘
09:39:31,54.03,-0.01,76,410657,卖盘
09:39:33,54.03,0.0,62,336313,买盘
09:39:37,54.05,0.02,26,140491,中性盘
09:39:40,54.06,0.01,42,226949,买盘
09:39:43,54.05,-0.01,28,151320,买盘
09:39:46,54.06,0.01,138,745835,买盘
09:39:48,54.05,-0.01,91,491779,中性盘
09:39:52,54.05,0.0,55,297233,买盘
09:39:54,54.06,0.01,184,994046,买盘
09:39:58,54.05,-0.01,36,194567,卖盘
09:40:00,54.05,0.0,38,205412,卖盘
09:40:04,54.02,-0.03,83,448367,卖盘
09:40:06,54.02,0.0,94,507754,买盘
09:40:10,54.01,-0.01,64,344314,卖盘
09:40:13,54.01,0.0,39,210629,中性盘
09:40:16,54.01,0.0,152,821068,卖盘
09:40:18,54.01,0.0,18,97226,卖盘
09:40:22,54.02,0.01,101,546910,买盘
09:40:25,54.02,0.0,17,91834,买盘
09:40:27,54.03,0.01,57,307873,买盘
09:40:30,54.01,-0.02,16,86433,卖盘
09:40:33,54.02,0.01,44,237657,中性盘
09:40:37,54.02,0.0,17,91842,卖盘
09:40:39,54.01,-0.01,51,275470,卖盘
09:40:43,54.01,0.0,299,1614927,卖盘
09:40:45,54.02,0.01,116,626163,买盘
09:40:49,54.03,0.01,8,43227,中性盘
09:40:51,54.02,-0.01,68,366202,卖盘
09:40:54,54.04,0.02,122,659251,买盘
09:40:57,54.04,0.0,25,135078,买盘
09:41:00,54.02,-0.02,59,318743,卖盘
09:41:04,54.03,0.01,262,1415451,卖盘
09:41:07,54.02,-0.01,84,453893,卖盘
09:41:10,54.02,0.0,93,502489,卖盘
09:41:13,54.03,0.01,30,162086,中性盘
09:41:16,54.03,0.0,76,410587,卖盘
09:41:18,54.03,0.0,31,167502,卖盘
09:41:21,54.02,-0.01,51,275529,卖盘
09:41:24,54.03,0.01,17,91838,买盘
09:41:27,54.03,0.0,25,135085,买盘
09:41:31,54.05,0.02,20,108068,买盘
09:41:34,54.03,-0.02,46,248544,卖盘
09:41:37,54.05,0.02,12,64838,买盘
09:41:40,54.03,-0.02,21,113466,卖盘
09:41:42,54.03,0.0,37,199910,卖盘
09:41:45,54.03,0.0,21,113459,买盘
09:41:49,54.03,0.0,17,91855,买盘
09:41:51,54.03,0.0,32,172902,卖盘
09:41:54,54.04,0.01,148,799776,买盘
09:41:58,54.04,0.0,24,129696,卖盘
09:42:00,54.04,0.0,76,410666,卖盘
09:42:04,54.04,0.0,55,297208,买盘
09:42:06,54.03,-0.01,47,253969,卖盘
09:42:10,54.04,0.01,19,102660,买盘
09:42:13,54.03,-0.01,70,378241,卖盘
09:42:15,54.03,0.0,43,232365,卖盘
09:42:19,54.03,0.0,55,297168,卖盘
09:42:21,54.03,0.0,33,178300,卖盘
09:42:24,54.02,-0.01,130,702314,卖盘
09:42:27,54.03,0.01,118,637458,买盘
09:42:30,54.03,0.0,116,626647,买盘
09:42:33,54.03,0.0,468,2532582,买盘
09:42:37,54.02,-0.01,119,642893,卖盘
09:42:39,54.02,0.0,64,344653,卖盘
09:42:42,54.01,-0.01,32,172840,卖盘
09:42:46,54.02,0.01,6,32407,买盘
09:42:49,54.01,-0.01,24,129632,卖盘
09:42:51,54.01,0.0,134,723756,卖盘
09:42:55,54.0,-0.01,66,356429,卖盘
09:42:57,54.01,0.01,8,43207,买盘
09:43:00,54.0,-0.01,71,383430,卖盘
09:43:04,54.0,0.0,85,459000,卖盘
09:43:06,54.02,0.02,55,297046,买盘
09:43:09,54.01,-0.01,57,307809,卖盘
09:43:12,54.01,0.0,65,351010,买盘
09:43:16,54.02,0.01,12,64807,买盘
09:43:18,54.0,-0.02,82,442815,卖盘
09:43:21,54.01,0.01,92,496826,买盘
09:43:24,54.01,0.0,160,864267,卖盘
09:43:27,54.01,0.0,87,469815,买盘
09:43:30,54.01,0.0,16,86416,买盘
09:43:33,54.01,0.0,92,496821,买盘
09:43:36,54.0,-0.01,78,421208,卖盘
09:43:39,54.02,0.02,62,334834,买盘
09:43:43,54.01,-0.01,113,610243,卖盘
09:43:46,54.0,-0.01,68,366719,卖盘
09:43:49,54.01,0.01,13,70208,买盘
09:43:52,54.01,0.0,96,519571,买盘
09:43:54,54.01,0.0,193,1042293,卖盘
09:43:57,54.0,-0.01,230,1241329,卖盘
09:44:01,54.02,0.02,314,1695649,买盘
09:44:04,54.01,-0.01,75,405017,卖盘
09:44:07,54.01,0.0,41,221425,买盘
09:44:09,53.99,-0.02,92,496843,卖盘
09:44:13,53.99,0.0,28,151181,卖盘
09:44:15,54.0,0.01,24,129589,买盘
09:44:19,54.0,0.0,119,642511,买盘
09:44:21,53.98,-0.02,53,286138,卖盘
09:44:25,53.98,0.0,34,183561,卖盘
09:44:28,53.98,0.0,44,237545,卖盘
09:44:31,53.98,0.0,148,798919,卖盘
09:44:33,53.98,0.0,125,674807,卖盘
09:44:37,53.99,0.01,28,151141,买盘
09:44:40,53.97,-0.02,86,464177,卖盘
09:44:43,53.99,0.02,985,5318967,买盘
09:44:45,53.98,-0.01,102,550559,卖盘
09:44:49,53.97,-0.01,20,107961,卖盘
09:44:51,53.98,0.01,49,264483,买盘
09:44:54,53.97,-0.01,93,501954,卖盘
09:44:58,53.94,-0.03,271,1462188,卖盘
09:45:00,53.93,-0.01,52,280462,卖盘
09:45:04,53.93,0.0,161,868282,卖盘
09:45:06,53.93,0.0,22,118635,卖盘
09:45:09,53.92,-0.01,58,312739,卖盘
09:45:12,53.92,0.0,81,436770,卖盘
09:45:16,53.93,0.01,69,372053,买盘
09:45:18,53.92,-0.01,89,479931,卖盘
09:45:22,53.92,0.0,94,506772,买盘
09:45:24,53.92,0.0,83,447471,买盘
09:45:28,53.92,0.0,44,237231,买盘
09:45:30,53.91,-0.01,71,382766,卖盘
09:45:34,53.91,0.0,122,657678,卖盘
09:45:37,53.92,0.01,80,431224,买盘
09:45:40,53.91,-0.01,163,878605,卖盘
09:45:42,53.92,0.01,108,582167,买盘
09:45:45,53.94,0.02,336,1812343,买盘
09:45:48,53.94,0.0,81,436934,卖盘
09:45:52,53.92,-0.02,690,3719219,卖盘
09:45:55,53.91,-0.01,39,210278,卖盘
09:45:58,53.9,-0.01,75,403638,卖盘
09:46:01,53.9,0.0,34,183260,买盘
09:46:04,53.91,0.01,93,501900,买盘
09:46:07,53.92,0.01,93,501234,中性盘
09:46:10,53.9,-0.02,22,118586,卖盘
09:46:13,53.91,0.01,69,371940,中性盘
09:46:15,53.94,0.03,149,803057,买盘
09:46:18,53.9,-0.04,20,107806,卖盘
09:46:21,53.91,0.01,42,226403,卖盘
09:46:24,53.95,0.04,150,808985,买盘
09:46:27,53.95,0.0,146,787698,卖盘
09:46:31,53.91,-0.04,252,1358810,卖盘
09:46:33,53.99,0.08,57,307566,买盘
09:46:37,53.95,-0.04,20,107867,卖盘
09:46:40,53.92,-0.03,86,464251,卖盘
09:46:42,53.92,0.0,41,221117,卖盘
09:46:45,53.92,0.0,52,280543,卖盘
09:46:48,53.92,0.0,59,318269,卖盘
09:46:51,53.91,-0.01,63,339675,卖盘
09:46:54,53.91,0.0,51,275015,卖盘
09:46:57,53.93,0.02,26,140248,卖盘
09:47:01,53.93,0.0,84,452973,买盘
09:47:05,53.91,-0.02,139,749549,中性盘
09:47:07,53.91,0.0,52,280353,卖盘
09:47:09,53.9,-0.01,435,2345065,卖盘
09:47:12,53.9,0.0,114,614427,买盘
09:47:16,53.95,0.05,201,1083686,买盘
09:47:18,53.91,-0.04,63,340016,卖盘
09:47:22,53.9,-0.01,24,129372,卖盘
09:47:25,53.89,-0.01,116,625227,卖盘
09:47:28,53.88,-0.01,968,5215046,卖盘
09:47:31,53.9,0.02,92,496489,买盘
09:47:34,53.87,-0.03,158,852006,卖盘
09:47:37,53.87,0.0,19,102391,卖盘
09:47:39,53.87,0.0,71,381859,卖盘
09:47:43,53.87,0.0,75,404628,买盘
09:47:46,53.87,0.0,41,220870,卖盘
09:47:48,53.87,0.0,152,818984,买盘
09:47:52,53.87,0.0,38,204773,卖盘
09:47:55,53.95,0.08,66,355682,买盘
09:47:58,53.86,-0.09,482,2599384,卖盘
09:48:01,53.95,0.09,120,647874,中性盘
09:48:04,53.88,-0.07,69,372172,中性盘
09:48:07,53.9,0.02,36,194008,买盘
09:48:10,53.88,-0.02,57,307407,卖盘
09:48:13,53.88,0.0,537,2899168,卖盘
09:48:15,54.02,0.14,115,621718,买盘
09:48:18,53.95,-0.07,110,593682,卖盘
09:48:21,53.95,0.0,49,264563,卖盘
09:48:25,54.03,0.08,28,151245,买盘
09:48:27,54.03,0.0,41,221531,卖盘
09:48:30,54.08,0.05,87,469341,买盘
09:48:34,53.91,-0.17,44,237683,卖盘
09:48:36,54.02,0.11,18,97236,买盘
09:48:40,54.07,0.05,75,404546,买盘
09:48:42,53.94,-0.13,30,161975,中性盘
09:48:46,54.02,0.08,38,205000,买盘
09:48:48,53.99,-0.03,16,86479,卖盘
09:48:51,53.94,-0.05,92,496518,卖盘
09:48:54,53.94,0.0,30,162023,卖盘
09:48:57,53.93,-0.01,87,469487,卖盘
09:49:00,53.99,0.06,12,64797,中性盘
09:49:05,54.0,0.01,58,313094,买盘
09:49:07,53.95,-0.05,18,97165,卖盘
09:49:10,53.95,0.0,66,356185,卖盘
09:49:12,53.94,-0.01,27,145651,卖盘
09:49:15,53.95,0.01,47,253525,买盘
09:49:18,54.0,0.05,61,329297,买盘
09:49:21,53.95,-0.05,49,264371,卖盘
09:49:24,53.94,-0.01,152,820191,卖盘
09:49:27,53.95,0.01,25,134965,卖盘
09:49:30,54.0,0.05,88,475085,买盘
09:49:33,53.95,-0.05,55,296857,卖盘
09:49:36,54.0,0.05,90,485615,买盘
09:49:40,54.0,0.0,96,518394,买盘
09:49:43,54.0,0.0,96,518250,买盘
09:49:45,54.0,0.0,137,739647,买盘
09:49:49,53.95,-0.05,454,2449494,卖盘
09:49:51,53.95,0.0,40,215915,卖盘
09:49:54,53.95,0.0,84,453693,买盘
09:49:57,53.95,0.0,72,388436,卖盘
09:50:00,53.95,0.0,288,1554109,卖盘
09:50:05,53.95,0.0,68,367070,买盘
09:50:07,54.04,0.09,33,178053,中性盘
09:50:10,53.99,-0.05,116,626626,中性盘
09:50:13,53.94,-0.05,18,97102,卖盘
09:50:15,53.9,-0.04,489,2632423,卖盘
09:50:18,54.06,0.16,46,248634,买盘
09:50:21,53.94,-0.12,28,151139,卖盘
09:50:25,53.93,-0.01,25,134971,卖盘
09:50:28,53.95,0.02,18,97145,买盘
09:50:30,53.94,-0.01,184,993731,卖盘
09:50:33,53.93,-0.01,253,1365328,卖盘
09:50:37,53.93,0.0,10,53994,中性盘
09:50:39,54.01,0.08,116,626204,买盘
09:50:43,54.0,-0.01,46,248409,中性盘
09:50:45,54.02,0.02,65,351052,买盘
09:50:49,54.05,0.03,22,118841,买盘
09:50:51,53.95,-0.1,24,129571,卖盘
09:50:54,54.05,0.1,42,226811,买盘
09:50:57,53.94,-0.11,27,145781,中性盘
09:51:00,53.93,-0.01,53,286044,卖盘
09:51:04,54.01,0.08,44,237617,中性盘
09:51:07,53.95,-0.06,35,188974,卖盘
09:51:10,53.94,-0.01,50,270008,卖盘
09:51:13,53.95,0.01,63,340415,卖盘
09:51:16,53.94,-0.01,60,323829,卖盘
09:51:19,54.04,0.1,63,339939,买盘
09:51:21,54.01,-0.03,15,81015,中性盘
09:51:24,53.96,-0.05,72,389052,卖盘
09:51:27,54.05,0.09,251,1356339,买盘
09:51:30,54.05,0.0,124,670338,卖盘
09:51:33,54.05,0.0,180,973026,卖盘
09:51:36,54.08,0.03,35,189134,买盘
09:51:39,54.03,-0.05,89,481314,卖盘
09:51:43,53.96,-0.07,29,156612,卖盘
09:51:45,54.06,0.1,38,205305,买盘
09:51:49,54.08,0.02,17,91918,买盘
09:51:51,54.0,-0.08,14,75681,卖盘
09:51:54,53.96,-0.04,23,124175,卖盘
09:51:57,53.96,0.0,104,561588,卖盘
09:52:00,54.0,0.04,47,253800,买盘
09:52:05,54.0,0.0,169,912414,买盘
09:52:07,54.0,0.0,260,1403938,买盘
09:52:09,54.06,0.06,33,178252,买盘
09:52:12,54.0,-0.06,172,929376,卖盘
09:52:16,54.03,0.03,14,75606,中性盘
09:52:18,54.1,0.07,179,968785,买盘
09:52:22,54.1,0.0,67,365286,卖盘
09:52:24,54.1,0.0,83,449226,卖盘
09:52:28,54.1,0.0,8,43282,卖盘
09:52:31,54.11,0.01,117,633281,中性盘
09:52:33,54.1,-0.01,111,597359,卖盘
09:52:36,54.05,-0.05,16,86520,卖盘
09:52:39,54.01,-0.04,61,329788,卖盘
09:52:43,54.1,0.09,30,162165,买盘
09:52:46,54.01,-0.09,45,243245,卖盘
09:52:49,54.1,0.09,114,620123,买盘
09:52:51,54.1,0.0,25,131885,卖盘
09:52:54,54.05,-0.05,45,243309,卖盘
09:52:58,54.1,0.05,8,43278,买盘
09:53:00,54.1,0.0,18,97374,买盘
09:53:04,54.1,0.0,71,383845,买盘
09:53:06,54.09,-0.01,23,124473,卖盘
09:53:09,54.1,0.01,60,324499,卖盘
09:53:12,54.1,0.0,59,319216,卖盘
09:53:15,54.1,0.0,58,313666,买盘
09:53:18,54.1,0.0,53,286729,买盘
09:53:21,54.1,0.0,39,210929,买盘
09:53:25,54.04,-0.06,39,210911,卖盘
09:53:27,54.03,-0.01,21,113496,卖盘
09:53:31,54.1,0.07,27,146064,买盘
09:53:34,54.04,-0.06,44,237838,卖盘
09:53:36,54.1,0.06,17,91965,买盘
09:53:40,54.04,-0.06,38,205436,卖盘
09:53:42,54.02,-0.02,55,297165,卖盘
09:53:45,54.01,-0.01,13,70245,卖盘
09:53:49,54.04,0.03,26,140466,买盘
09:53:52,54.02,-0.02,38,205266,卖盘
09:53:54,54.01,-0.01,55,297203,卖盘
09:53:58,54.03,0.02,16,86451,卖盘
09:54:00,54.08,0.05,39,210769,买盘
09:54:04,54.02,-0.06,59,318787,卖盘
09:54:07,54.01,-0.01,23,124237,卖盘
09:54:09,54.02,0.01,58,313281,买盘
09:54:13,54.0,-0.02,69,372652,卖盘
09:54:15,54.01,0.01,53,286298,中性盘
09:54:19,54.0,-0.01,63,340281,卖盘
09:54:21,54.0,0.0,98,529340,卖盘
09:54:25,54.06,0.06,219,1183868,买盘
09:54:27,54.06,0.0,18,97308,卖盘
09:54:31,54.06,0.0,69,373286,卖盘
09:54:33,54.13,0.07,178,962783,买盘
09:54:36,54.14,0.01,34,184074,买盘
09:54:40,54.1,-0.04,139,752190,卖盘
09:54:43,54.1,0.0,40,216618,卖盘
09:54:45,54.04,-0.06,26,140583,卖盘
09:54:49,54.18,0.14,19,102871,买盘
09:54:51,54.04,-0.14,60,324415,卖盘
09:54:55,54.17,0.13,39,211146,买盘
09:54:58,54.17,0.0,6,32497,买盘
09:55:01,54.2,0.03,210,1137944,买盘
09:55:04,54.2,0.0,103,557963,买盘
09:55:07,54.06,-0.14,45,243426,卖盘
09:55:09,54.06,0.0,69,373607,卖盘
09:55:13,54.06,0.0,21,113699,中性盘
09:55:15,54.05,-0.01,43,232702,卖盘
09:55:18,54.07,0.02,17,92079,中性盘
09:55:21,54.17,0.1,37,200100,买盘
09:55:25,54.06,-0.11,60,324907,卖盘
09:55:27,54.06,0.0,17,92000,卖盘
09:55:31,54.17,0.11,22,119157,买盘
09:55:33,54.07,-0.1,41,221689,卖盘
09:55:36,54.15,0.08,5,27046,买盘
09:55:39,54.08,-0.07,53,286645,中性盘
09:55:43,54.08,0.0,36,194723,卖盘
09:55:45,54.07,-0.01,128,692220,卖盘
09:55:48,54.16,0.09,55,297804,买盘
09:55:52,54.15,-0.01,64,346579,卖盘
09:55:55,54.08,-0.07,34,183924,卖盘
09:55:57,54.15,0.07,67,362780,买盘
09:56:01,54.1,-0.05,32,173177,卖盘
09:56:04,54.09,-0.01,33,178534,卖盘
09:56:06,54.08,-0.01,59,319170,卖盘
09:56:09,54.08,0.0,34,183938,卖盘
09:56:13,54.09,0.01,26,140687,卖盘
09:56:15,54.14,0.05,26,140700,买盘
09:56:19,54.08,-0.06,53,286717,卖盘
09:56:21,54.08,0.0,25,135238,卖盘
09:56:24,54.12,0.04,20,108172,买盘
09:56:28,54.07,-0.05,35,189331,卖盘
09:56:30,54.06,-0.01,189,1021975,卖盘
09:56:34,54.06,0.0,66,356796,买盘
09:56:36,54.06,0.0,20,108120,买盘
09:56:39,54.05,-0.01,105,567550,卖盘
09:56:42,54.05,0.0,429,2317161,卖盘
09:56:45,54.0,-0.05,203,1097386,卖盘
09:56:48,54.11,0.11,28,151417,买盘
09:56:51,54.0,-0.11,107,578118,卖盘
09:56:54,54.0,0.0,23,124358,卖盘
09:56:58,54.02,0.02,65,351843,中性盘
09:57:00,54.02,0.0,79,427056,卖盘
09:57:04,54.13,0.11,21,113496,买盘
09:57:06,54.1,-0.03,60,324375,卖盘
09:57:09,54.02,-0.08,55,297306,卖盘
09:57:13,54.02,0.0,17,91847,卖盘
09:57:16,54.1,0.08,18,97380,买盘
09:57:18,54.02,-0.08,43,232332,卖盘
09:57:21,54.02,0.0,35,189172,卖盘
09:57:25,54.02,0.0,142,767462,卖盘
09:57:28,54.03,0.01,40,216315,中性盘
09:57:31,54.02,-0.01,19,102670,卖盘
09:57:34,54.03,0.01,6,32418,买盘
09:57:36,54.02,-0.01,20,108051,卖盘
09:57:39,54.02,0.0,54,291781,卖盘
09:57:43,54.08,0.06,43,232319,买盘
09:57:46,54.08,0.0,117,634531,买盘
09:57:48,54.02,-0.06,47,253984,卖盘
09:57:52,54.02,0.0,95,513688,卖盘
09:57:54,54.01,-0.01,35,186642,卖盘
09:57:57,54.02,0.01,107,578585,买盘
09:58:00,54.08,0.06,20,108109,中性盘
09:58:04,54.1,0.02,78,421895,买盘
09:58:07,54.05,-0.05,100,541101,中性盘
09:58:10,54.13,0.08,73,394848,买盘
09:58:13,54.03,-0.1,32,172932,卖盘
09:58:15,54.05,0.02,64,346317,卖盘
09:58:18,54.06,0.01,174,940659,中性盘
09:58:22,54.1,0.04,13,70300,卖盘
09:58:24,54.07,-0.03,75,405687,卖盘
09:58:28,54.13,0.06,10,54130,买盘
09:58:30,54.05,-0.08,24,129850,卖盘
09:58:34,54.09,0.04,36,194707,买盘
09:58:37,54.1,0.01,12,64920,买盘
09:58:39,54.08,-0.02,57,308277,卖盘
09:58:42,54.07,-0.01,25,135220,卖盘
09:58:46,54.08,0.01,32,173075,买盘
09:58:48,54.09,0.01,45,243333,中性盘
09:58:51,54.06,-0.03,29,156807,卖盘
09:58:55,54.08,0.02,126,681306,买盘
09:58:58,54.09,0.01,28,151474,买盘
09:59:01,54.1,0.01,33,178527,买盘
09:59:04,54.1,0.0,31,167694,买盘
09:59:07,54.08,-0.02,101,546257,卖盘
09:59:09,54.08,0.0,67,362359,卖盘
09:59:13,54.09,0.01,89,481382,买盘
09:59:15,54.07,-0.02,37,200086,卖盘
09:59:19,54.07,0.0,45,243361,卖盘
09:59:21,54.08,0.01,73,394663,买盘
09:59:25,54.09,0.01,131,708182,卖盘
09:59:27,54.06,-0.03,42,227124,卖盘
09:59:31,54.05,-0.01,62,335370,卖盘
09:59:33,54.1,0.05,46,248748,买盘
09:59:37,54.08,-0.02,15,81952,卖盘
09:59:40,54.05,-0.03,77,416396,卖盘
09:59:42,54.05,0.0,64,346082,卖盘
09:59:45,54.08,0.03,329,1779544,买盘
09:59:49,54.13,0.05,155,838839,买盘
09:59:51,54.1,-0.03,16,86560,卖盘
09:59:55,54.08,-0.02,80,432946,卖盘
09:59:58,54.14,0.06,19,102754,买盘
10:00:01,54.05,-0.09,29,156842,卖盘
10:00:04,54.08,0.03,27,145985,中性盘
10:00:07,54.05,-0.03,18,97328,卖盘
10:00:10,54.05,0.0,80,432425,卖盘
10:00:13,54.05,0.0,90,486582,卖盘
10:00:16,54.08,0.03,25,135220,中性盘
10:00:19,54.09,0.01,61,329921,买盘
10:00:21,54.08,-0.01,41,221745,卖盘
10:00:24,54.06,-0.02,34,183859,卖盘
10:00:27,54.09,0.03,66,356967,买盘
10:00:30,54.05,-0.04,155,837911,卖盘
10:00:34,54.06,0.01,47,254247,卖盘
10:00:36,54.06,0.0,359,1941106,卖盘
10:00:39,54.06,0.0,123,665655,卖盘
10:00:42,54.15,0.09,250,1355764,买盘
10:00:45,54.16,0.01,42,227468,买盘
10:00:48,54.16,0.0,81,438771,卖盘
10:00:52,54.16,0.0,83,449578,卖盘
10:00:55,54.15,-0.01,79,427975,卖盘
10:00:57,54.16,0.01,49,265404,中性盘
10:01:00,54.15,-0.01,77,417291,卖盘
10:01:04,54.14,-0.01,109,587975,卖盘
10:01:06,54.1,-0.04,46,248954,卖盘
10:01:10,54.06,-0.04,99,535642,卖盘
10:01:12,54.06,0.0,59,318977,卖盘
10:01:16,54.06,0.0,61,330098,卖盘
10:01:18,54.06,0.0,77,416236,卖盘
10:01:21,54.06,0.0,77,416245,买盘
10:01:25,54.05,-0.01,76,410961,卖盘
10:01:28,54.07,0.02,14,75695,卖盘
10:01:30,54.1,0.03,555,3004988,中性盘
10:01:34,54.18,0.08,145,783199,卖盘
10:01:37,54.1,-0.08,114,616878,卖盘
10:01:39,54.09,-0.01,189,1024390,卖盘
10:01:42,54.1,0.01,46,252593,中性盘
10:01:46,54.1,0.0,64,347028,卖盘
10:01:49,54.18,0.08,34,184282,买盘
10:01:51,54.15,-0.03,74,400800,卖盘
10:01:55,54.1,-0.05,55,297822,卖盘
10:01:57,54.1,0.0,17,92033,卖盘
10:02:01,54.18,0.08,69,373785,买盘
10:02:04,54.18,0.0,39,211285,买盘
10:02:07,54.17,-0.01,28,151676,卖盘
10:02:09,54.06,-0.11,143,774303,卖盘
10:02:13,54.08,0.02,22,119018,卖盘
10:02:16,54.16,0.08,70,378994,买盘
10:02:19,54.07,-0.09,27,146151,中性盘
10:02:21,54.07,0.0,12,64938,卖盘
10:02:25,54.07,0.0,19,102733,买盘
10:02:27,54.06,-0.01,32,173130,卖盘
10:02:31,54.09,0.03,33,178614,中性盘
10:02:33,54.16,0.07,26,140704,买盘
10:02:37,54.07,-0.09,72,389378,卖盘
10:02:39,54.09,0.02,49,265175,中性盘
10:02:42,54.09,0.0,153,827240,买盘
10:02:45,54.06,-0.03,73,395068,卖盘
10:02:48,54.1,0.04,66,357420,中性盘
10:02:51,54.07,-0.03,140,758182,卖盘
10:02:55,54.07,0.0,70,379347,卖盘
10:02:57,54.15,0.08,19,102807,买盘
10:03:00,54.15,0.0,28,151563,买盘
10:03:04,54.09,-0.06,21,113589,中性盘
10:03:07,54.08,-0.01,24,129784,卖盘
10:03:09,54.09,0.01,14,75723,买盘
10:03:12,54.08,-0.01,27,146067,卖盘
10:03:15,54.07,-0.01,88,475926,卖盘
10:03:18,54.07,0.0,78,421746,买盘
10:03:21,54.08,0.01,40,216291,买盘
10:03:25,54.07,-0.01,223,1206053,卖盘
10:03:28,54.06,-0.01,49,265017,卖盘
10:03:30,54.16,0.1,41,221922,买盘
10:03:33,54.1,-0.06,119,643664,买盘
10:03:36,54.07,-0.03,45,243359,卖盘
10:03:39,54.1,0.03,53,286689,买盘
10:03:42,54.07,-0.03,26,140582,卖盘
10:03:46,54.07,0.0,41,221727,卖盘
10:03:48,54.1,0.03,186,1005693,买盘
10:03:51,54.07,-0.03,49,265054,中性盘
10:03:54,54.1,0.03,46,248955,买盘
10:03:57,54.07,-0.03,35,189310,卖盘
10:04:01,54.07,0.0,28,151526,卖盘
10:04:05,54.06,-0.01,53,286598,卖盘
10:04:07,54.07,0.01,251,1356730,买盘
10:04:09,54.07,0.0,49,264899,买盘
10:04:13,54.07,0.0,106,572952,买盘
10:04:15,54.07,0.0,75,405389,买盘
10:04:19,54.07,0.0,92,497435,买盘
10:04:22,54.08,0.01,238,1286657,买盘
10:04:25,54.07,-0.01,46,248644,买盘
10:04:27,54.05,-0.02,48,259452,卖盘
10:04:31,54.05,0.0,305,1648050,卖盘
10:04:33,54.05,0.0,65,351286,买盘
10:04:37,54.05,0.0,138,745806,买盘
10:04:39,54.04,-0.01,101,545829,卖盘
10:04:42,54.13,0.09,436,2355845,买盘
10:04:45,54.07,-0.06,415,2248278,卖盘
10:04:49,54.07,0.0,290,1569018,卖盘
10:04:51,54.07,0.0,55,297421,卖盘
10:04:54,54.06,-0.01,159,859618,卖盘
10:04:57,54.05,-0.01,121,654015,卖盘
10:05:00,54.05,0.0,196,1059525,卖盘
10:05:05,54.05,0.0,113,610836,卖盘
10:05:07,54.06,0.01,27,145947,买盘
10:05:09,54.06,0.0,83,448652,买盘
10:05:13,54.05,-0.01,96,518785,卖盘
10:05:16,54.04,-0.01,74,400138,卖盘
10:05:18,54.13,0.09,49,265028,买盘
10:05:21,54.05,-0.08,52,281121,卖盘
10:05:25,54.03,-0.02,97,524219,卖盘
10:05:27,54.02,-0.01,67,362047,卖盘
10:05:31,54.01,-0.01,265,1431368,卖盘
10:05:34,54.01,0.0,19,102614,买盘
10:05:37,54.01,0.0,14,75614,买盘
10:05:40,54.01,0.0,43,232211,买盘
10:05:43,54.01,0.0,52,280814,买盘
10:05:46,54.0,-0.01,49,264632,卖盘
10:05:49,54.01,0.01,50,270037,买盘
10:05:51,54.0,-0.01,582,3142814,卖盘
10:05:54,54.0,0.0,25,135014,卖盘
10:05:57,54.01,0.01,89,480677,买盘
10:06:01,54.0,-0.01,426,2300553,卖盘
10:06:04,54.03,0.03,256,1382786,买盘
10:06:06,54.04,0.01,119,642975,买盘
10:06:10,54.0,-0.04,87,470064,卖盘
10:06:12,54.0,0.0,39,210631,卖盘
10:06:16,54.0,0.0,1165,6301864,卖盘
10:06:18,54.24,0.24,36,195168,买盘
10:06:22,54.08,-0.16,46,248816,卖盘
10:06:25,54.08,0.0,142,768341,卖盘
10:06:28,54.12,0.04,7,37860,买盘
10:06:30,54.08,-0.04,50,270489,卖盘
10:06:34,54.08,0.0,13,70304,中性盘
10:06:36,54.06,-0.02,22,118915,卖盘
10:06:39,54.0,-0.06,62,334970,卖盘
10:06:42,54.06,0.06,37,199885,买盘
10:06:49,54.06,0.0,247,1335170,买盘
10:06:52,54.06,0.0,23,124271,买盘
10:06:54,53.99,-0.07,378,2041056,卖盘
10:06:58,53.99,0.0,113,610084,买盘
10:07:01,53.99,0.0,315,1700660,买盘
10:07:04,53.99,0.0,52,280722,买盘
10:07:07,53.97,-0.02,95,512877,卖盘
10:07:10,53.99,0.02,82,442766,中性盘
10:07:12,53.99,0.0,64,345810,卖盘
10:07:15,54.06,0.07,39,210808,买盘
10:07:18,54.06,0.0,45,243270,卖盘
10:07:22,54.08,0.02,29,156808,买盘
10:07:24,54.14,0.06,101,546332,买盘
10:07:28,54.01,-0.13,20,108240,卖盘
10:07:30,54.14,0.13,6,32476,买盘
10:07:33,54.14,0.0,22,119005,卖盘
10:07:36,54.01,-0.13,44,237812,卖盘
10:07:39,54.01,0.0,39,210881,卖盘
10:07:43,54.01,0.0,21,113426,卖盘
10:07:45,54.02,0.01,180,972937,买盘
10:07:48,54.12,0.1,120,648824,买盘
10:07:51,54.06,-0.06,16,86511,卖盘
10:07:55,54.02,-0.04,60,324441,卖盘
10:07:57,54.1,0.08,1,5410,中性盘
10:08:01,54.06,-0.04,19,102729,买盘
10:08:05,54.06,0.0,37,200024,卖盘
10:08:07,54.03,-0.03,34,183748,卖盘
10:08:10,54.05,0.02,9,48645,中性盘
10:08:13,54.03,-0.02,53,286359,卖盘
10:08:15,54.03,0.0,93,502402,买盘
10:08:18,54.02,-0.01,264,1426049,卖盘
10:08:21,54.02,0.0,43,232263,买盘
10:08:24,54.01,-0.01,73,394263,卖盘
10:08:28,54.0,-0.01,20,108004,卖盘
10:08:30,54.01,0.01,124,669721,买盘
10:08:34,54.01,0.0,78,421224,买盘
10:08:36,54.01,0.0,107,577810,买盘
10:08:39,54.01,0.0,593,3202769,买盘
10:08:43,53.99,-0.02,210,1134031,卖盘
10:08:45,54.0,0.01,303,1636435,买盘
10:08:48,53.99,-0.01,141,761363,卖盘
10:08:52,54.0,0.01,114,615534,买盘
10:08:55,53.98,-0.02,190,1026018,卖盘
10:08:57,53.99,0.01,97,523647,中性盘
10:09:01,54.02,0.03,502,2709476,买盘
10:09:04,54.0,-0.02,206,1113623,卖盘
10:09:07,54.0,0.0,8,43236,卖盘
10:09:10,54.1,0.1,29,156862,买盘
10:09:13,54.1,0.0,86,465262,卖盘
10:09:15,54.05,-0.05,28,151395,卖盘
10:09:19,54.1,0.05,63,340310,买盘
10:09:21,54.0,-0.1,32,172809,卖盘
10:09:25,54.0,0.0,41,221490,买盘
10:09:27,53.99,-0.01,34,183690,卖盘
10:09:30,54.05,0.06,18,97320,中性盘
10:09:34,54.0,-0.05,49,264637,卖盘
10:09:37,54.0,0.0,41,221481,卖盘
10:09:39,54.08,0.08,3,16224,中性盘
10:09:42,53.98,-0.1,466,2515778,卖盘
10:09:45,53.98,0.0,193,1041684,买盘
10:09:48,53.96,-0.02,77,415590,卖盘
10:09:51,53.98,0.02,74,399371,买盘
10:09:54,54.0,0.02,31,167352,买盘
10:09:57,54.0,0.0,32,172763,买盘
10:10:00,54.02,0.02,48,259219,买盘
10:10:04,54.02,0.0,55,297110,买盘
10:10:07,54.03,0.01,51,275515,买盘
10:10:09,53.98,-0.05,134,723440,卖盘
10:10:12,53.96,-0.02,91,491171,卖盘
10:10:15,53.96,0.0,52,280627,卖盘
10:10:18,53.98,0.02,216,1165961,买盘
10:10:22,53.98,0.0,103,555994,卖盘
10:10:24,53.98,0.0,449,2423472,卖盘
10:10:27,53.96,-0.02,82,442592,卖盘
10:10:30,54.0,0.04,22,118764,买盘
10:10:33,53.98,-0.02,24,129531,卖盘
10:10:36,53.97,-0.01,30,161930,卖盘
10:10:40,53.97,0.0,58,312981,买盘
10:10:43,53.98,0.01,188,1014921,买盘
10:10:46,53.97,-0.01,40,215935,卖盘
10:10:48,53.99,0.02,196,1057849,买盘
10:10:52,53.97,-0.02,16,86366,卖盘
10:10:55,53.96,-0.01,210,1133756,卖盘
10:10:58,53.98,0.02,38,205124,卖盘
10:11:01,53.96,-0.02,38,205058,卖盘
10:11:04,53.96,0.0,165,890462,卖盘
10:11:07,53.95,-0.01,657,3544572,卖盘
10:11:10,53.95,0.0,185,998043,买盘
10:11:13,53.94,-0.01,84,453141,卖盘
10:11:15,53.94,0.0,61,329036,卖盘
10:11:18,53.93,-0.01,104,560965,卖盘
10:11:21,53.93,0.0,511,2755361,卖盘
10:11:24,53.93,0.0,26,140212,买盘
10:11:27,53.93,0.0,128,690443,买盘
10:11:30,53.95,0.02,59,318182,买盘
10:11:33,53.91,-0.04,25,134815,卖盘
10:11:36,53.93,0.02,26,140173,买盘
10:11:39,53.9,-0.03,294,1585288,卖盘
10:11:42,54.0,0.1,475,2562744,买盘
10:11:46,54.0,0.0,53,286200,卖盘
10:11:48,54.0,0.0,66,356497,卖盘
10:11:51,53.97,-0.03,207,1117287,卖盘
10:11:54,53.97,0.0,52,280805,卖盘
10:11:57,53.97,0.0,34,183555,卖盘
10:12:01,54.03,0.06,315,1703572,买盘
10:12:04,53.97,-0.06,269,1454045,卖盘
10:12:07,54.0,0.03,210,1133982,买盘
10:12:10,53.94,-0.06,717,3869194,卖盘
10:12:12,54.0,0.06,417,2257479,卖盘
10:12:16,53.94,-0.06,6,32379,卖盘
10:12:18,53.94,0.0,29,156501,卖盘
10:12:22,54.0,0.06,19,102530,买盘
10:12:25,53.94,-0.06,15,80910,卖盘
10:12:28,53.94,0.0,172,928964,卖盘
10:12:30,53.93,-0.01,21,113259,卖盘
10:12:34,53.92,-0.01,133,717851,卖盘
10:12:37,53.91,-0.01,55,296572,卖盘
10:12:40,54.02,0.11,115,621048,买盘
10:12:43,54.0,-0.02,189,1019740,中性盘
10:12:46,54.1,0.1,229,1238264,买盘
10:12:48,54.0,-0.1,137,740810,卖盘
10:12:52,53.98,-0.02,922,4977740,卖盘
10:12:54,53.95,-0.03,97,523597,卖盘
10:12:57,53.95,0.0,101,544895,卖盘
10:13:00,53.95,0.0,91,490945,卖盘
10:13:04,53.95,0.0,34,183430,卖盘
10:13:06,53.95,0.0,36,194224,卖盘
10:13:09,53.95,0.0,33,178035,卖盘
10:13:12,53.94,-0.01,97,523333,卖盘
10:13:15,53.94,0.0,375,2024772,卖盘
10:13:19,53.94,0.0,500,2699387,买盘
10:13:22,53.91,-0.03,72,388249,卖盘
10:13:25,53.97,0.06,433,2339433,中性盘
10:13:28,53.93,-0.04,48,258883,卖盘
10:13:30,54.1,0.17,75,405452,买盘
10:13:33,53.91,-0.19,432,2329112,卖盘
10:13:36,53.91,0.0,23,123993,买盘
10:13:39,53.92,0.01,298,1606478,买盘
10:13:42,53.94,0.02,34,183355,买盘
10:13:45,53.94,0.0,27,145650,卖盘
10:13:49,53.94,0.0,11,59329,卖盘
10:13:51,53.92,-0.02,14,75488,卖盘
10:13:55,53.91,-0.01,16,86268,卖盘
10:13:57,53.94,0.03,34,181112,买盘
10:14:01,53.95,0.01,53,285926,买盘
10:14:04,53.92,-0.03,18,99276,卖盘
10:14:07,53.94,0.02,4,21576,买盘
10:14:09,53.94,0.0,14,75509,买盘
10:14:13,53.93,-0.01,63,339846,卖盘
10:14:16,53.91,-0.02,307,1655178,卖盘
10:14:18,53.91,0.0,348,1876066,买盘
10:14:21,53.91,0.0,64,344997,买盘
10:14:25,53.94,0.03,61,329003,买盘
10:14:28,53.9,-0.04,132,711645,卖盘
10:14:31,53.91,0.01,104,561061,中性盘
10:14:34,53.95,0.04,62,334398,买盘
10:14:36,53.91,-0.04,27,145587,卖盘
10:14:39,53.91,0.0,39,210351,卖盘
10:14:43,53.91,0.0,30,161748,卖盘
10:14:45,53.91,0.0,40,215691,卖盘
10:14:48,53.93,0.02,48,258799,中性盘
10:14:52,53.93,0.0,48,258856,卖盘
10:14:54,53.92,-0.01,37,199575,卖盘
10:14:58,53.91,-0.01,15,80879,卖盘
10:15:00,53.91,0.0,11,59308,卖盘
10:15:04,53.92,0.01,42,226448,买盘
10:15:07,53.92,0.0,24,129402,买盘
10:15:10,53.91,-0.01,52,280370,卖盘
10:15:12,53.91,0.0,87,469045,卖盘
10:15:15,53.91,0.0,13,70083,买盘
10:15:18,53.91,0.0,79,425863,买盘
10:15:21,53.91,0.0,872,4700128,买盘
10:15:25,53.91,0.0,314,1693161,卖盘
10:15:27,53.95,0.04,102,550134,买盘
10:15:31,53.94,-0.01,124,668702,中性盘
10:15:33,53.91,-0.03,63,339778,卖盘
10:15:37,53.9,-0.01,42,226399,卖盘
10:15:39,53.89,-0.01,254,1369140,卖盘
10:15:43,53.91,0.02,39,210210,买盘
10:15:45,53.9,-0.01,97,523298,中性盘
10:15:48,53.95,0.05,79,425980,买盘
10:15:51,53.9,-0.05,21,113216,卖盘
10:15:54,53.9,0.0,87,468974,卖盘
10:15:57,53.91,0.01,24,129369,买盘
10:16:00,53.95,0.04,44,237254,买盘
10:16:05,53.9,-0.05,46,248022,卖盘
10:16:07,53.95,0.05,14,75514,买盘
10:16:09,53.9,-0.05,33,177949,卖盘
10:16:12,53.91,0.01,134,722777,中性盘
10:16:15,53.95,0.04,76,409916,买盘
10:16:19,53.9,-0.05,33,178013,卖盘
10:16:21,53.89,-0.01,657,3540864,卖盘
10:16:24,53.95,0.06,268,1445489,买盘
10:16:28,53.88,-0.07,39,207847,卖盘
10:16:31,53.95,0.07,80,431518,买盘
10:16:33,53.89,-0.06,75,404338,卖盘
10:16:36,53.9,0.01,28,152373,中性盘
10:16:40,53.99,0.09,39,213592,买盘
10:16:42,53.91,-0.08,27,142449,卖盘
10:16:46,53.9,-0.01,31,167109,卖盘
10:16:48,54.0,0.1,22,118784,买盘
10:16:51,53.91,-0.09,31,167121,卖盘
10:16:54,53.91,0.0,41,221163,卖盘
10:16:57,53.9,-0.01,24,129457,卖盘
10:17:01,53.91,0.01,27,145655,卖盘
10:17:04,53.89,-0.02,387,2084301,卖盘
10:17:07,53.89,0.0,61,328729,买盘
10:17:09,53.97,0.08,216,1166460,买盘
10:17:13,54.0,0.03,41,221340,买盘
10:17:15,54.0,0.0,37,199836,卖盘
10:17:19,54.0,0.0,27,145861,买盘
10:17:21,53.9,-0.1,19,102438,卖盘
10:17:25,53.98,0.08,19,102540,买盘
10:17:27,53.9,-0.08,18,97124,卖盘
10:17:31,53.98,0.08,43,232029,中性盘
10:17:33,54.05,0.07,55,296960,买盘
10:17:36,53.9,-0.15,21,113256,卖盘
10:17:40,53.91,0.01,20,108066,中性盘
10:17:42,53.98,0.07,41,221076,买盘
10:17:46,53.91,-0.07,324,1747064,卖盘
10:17:48,54.07,0.16,95,513688,买盘
10:17:52,53.91,-0.16,25,134826,卖盘
10:17:55,53.91,0.0,32,172626,卖盘
10:17:57,53.91,0.0,28,151097,卖盘
10:18:01,54.05,0.14,104,562171,买盘
10:18:04,54.05,0.0,39,210582,买盘
10:18:07,54.0,-0.05,16,86318,中性盘
10:18:09,54.0,0.0,12,64800,买盘
10:18:12,54.0,0.0,195,1052256,买盘
10:18:15,54.05,0.05,30,162075,买盘
10:18:18,54.0,-0.05,108,583624,卖盘
10:18:21,54.0,0.0,19,102640,卖盘
10:18:25,54.0,0.0,64,345824,卖盘
10:18:28,54.0,0.0,271,1463413,卖盘
10:18:31,54.0,0.0,147,794031,卖盘
10:18:33,54.02,0.02,157,848739,买盘
10:18:37,54.01,-0.01,48,258931,买盘
10:18:39,53.93,-0.08,62,334839,卖盘
10:18:42,54.04,0.11,40,215787,买盘
10:18:46,53.93,-0.11,16,86416,卖盘
10:18:48,54.0,0.07,22,118808,中性盘
10:18:51,53.94,-0.06,37,199566,卖盘
10:18:55,53.93,-0.01,59,318462,卖盘
10:18:57,53.98,0.05,25,134879,买盘
10:19:01,53.99,0.01,22,118798,买盘
10:19:04,53.97,-0.02,23,124137,卖盘
10:19:07,53.97,0.0,11,59367,买盘
10:19:09,53.93,-0.04,81,436874,卖盘
10:19:12,53.93,0.0,181,976090,买盘
10:19:16,53.92,-0.01,9,48528,卖盘
10:19:19,53.93,0.01,70,377510,买盘
10:19:22,53.91,-0.02,13,70086,卖盘
10:19:24,53.92,0.01,38,204877,买盘
10:19:27,53.91,-0.01,14,75474,卖盘
10:19:31,53.91,0.0,86,463645,卖盘
10:19:34,53.9,-0.01,81,436657,卖盘
10:19:36,53.92,0.02,21,113220,买盘
10:19:40,53.91,-0.01,52,280368,卖盘
10:19:43,53.92,0.01,29,156341,买盘
10:19:45,53.91,-0.01,35,188685,卖盘
10:19:48,53.92,0.01,53,285734,买盘
10:19:51,53.92,0.0,53,285806,卖盘
10:19:54,53.92,0.0,22,118624,卖盘
10:19:57,53.92,0.0,47,253467,卖盘
10:20:01,53.92,0.0,10,53940,卖盘
10:20:04,53.97,0.05,39,213473,买盘
10:20:07,53.95,-0.02,127,685191,卖盘
10:20:09,53.95,0.0,47,253659,卖盘
10:20:12,53.92,-0.03,196,1054270,卖盘
10:20:15,53.92,0.0,79,426066,卖盘
10:20:18,53.96,0.04,38,205051,买盘
10:20:21,53.93,-0.03,37,199548,卖盘
10:20:25,53.93,0.0,49,264261,买盘
10:20:28,53.92,-0.01,478,2577396,卖盘
10:20:30,53.92,0.0,54,291168,买盘
10:20:34,53.96,0.04,54,294342,买盘
10:20:36,53.93,-0.03,32,169572,卖盘
10:20:39,53.92,-0.01,119,642329,卖盘
10:20:43,53.92,0.0,62,334395,卖盘
10:20:46,53.93,0.01,48,258949,中性盘
10:20:49,53.92,-0.01,1080,5823401,卖盘
10:20:51,53.92,0.0,335,1807580,卖盘
10:20:55,54.0,0.08,354,1909327,买盘
10:20:57,54.0,0.0,113,609853,买盘
10:21:00,53.9,-0.1,90,485427,卖盘
10:21:04,53.95,0.05,104,561537,中性盘
10:21:06,53.93,-0.02,14,75528,卖盘
10:21:09,53.94,0.01,29,156505,卖盘
10:21:13,53.93,-0.01,12,64718,卖盘
10:21:15,53.92,-0.01,35,188727,卖盘
10:21:19,53.92,0.0,22,118632,卖盘
10:21:21,53.93,0.01,11,59322,卖盘
10:21:24,53.9,-0.03,462,2490289,卖盘
10:21:28,53.9,0.0,103,555170,买盘
10:21:31,53.89,-0.01,198,1067195,卖盘
10:21:34,53.91,0.02,112,603711,买盘
10:21:36,53.93,0.02,838,4515583,买盘
10:21:40,53.97,0.04,56,301965,买盘
10:21:42,53.97,0.0,35,188782,卖盘
10:21:46,53.89,-0.08,86,464079,卖盘
10:21:48,53.97,0.08,10,53962,中性盘
10:21:52,53.9,-0.07,26,140242,卖盘
10:21:54,53.9,0.0,8,43120,卖盘
10:21:57,53.9,0.0,148,799073,卖盘
10:22:00,53.9,0.0,16,86312,卖盘
10:22:05,54.05,0.15,246,1329194,买盘
10:22:07,53.97,-0.08,22,118857,卖盘
10:22:10,53.92,-0.05,91,491584,卖盘
10:22:12,53.91,-0.01,24,129494,卖盘
10:22:16,53.91,0.0,45,242643,卖盘
10:22:18,53.89,-0.02,267,1438988,卖盘
10:22:21,53.88,-0.01,226,1217900,卖盘
10:22:24,53.92,0.04,517,2786727,买盘
10:22:28,53.89,-0.03,55,296606,卖盘
10:22:31,53.9,0.01,116,626109,卖盘
10:22:34,54.0,0.1,27,145572,买盘
10:22:37,53.9,-0.1,9,48507,买盘
10:22:39,53.89,-0.01,59,317980,卖盘
10:22:42,54.0,0.11,54,291103,买盘
10:22:46,54.0,0.0,43,232194,买盘
10:22:48,53.9,-0.1,59,318170,卖盘
10:22:52,53.9,0.0,44,237126,买盘
10:22:55,53.9,0.0,122,657559,买盘
10:22:58,53.9,0.0,58,312565,买盘
10:23:01,53.89,-0.01,724,3901768,卖盘
10:23:04,53.97,0.08,24,129393,买盘
10:23:07,53.97,0.0,119,642243,卖盘
10:23:09,53.87,-0.1,267,1440582,卖盘
10:23:12,53.9,0.03,27,145572,卖盘
10:23:15,53.98,0.08,17,91696,买盘
10:23:18,53.98,0.0,32,172744,卖盘
10:23:21,53.98,0.0,40,215938,卖盘
10:23:25,53.97,-0.01,36,194068,卖盘
10:23:28,53.89,-0.08,36,194028,卖盘
10:23:31,53.92,0.03,7,37775,卖盘
10:23:33,54.0,0.08,190,1025782,买盘
10:23:36,53.92,-0.08,16,86387,卖盘
10:23:40,53.99,0.07,41,221098,买盘
10:23:43,53.89,-0.1,203,1094185,卖盘
10:23:46,53.89,0.0,29,156269,买盘
10:23:49,53.89,0.0,252,1357985,买盘
10:23:51,53.88,-0.01,120,646650,卖盘
10:23:54,53.96,0.08,47,253442,买盘
10:23:58,53.96,0.0,48,259024,卖盘
10:24:01,54.0,0.04,59,318219,买盘
10:24:04,53.88,-0.12,54,291135,卖盘
10:24:07,53.9,0.02,29,156394,中性盘
10:24:09,53.88,-0.02,35,188693,卖盘
10:24:13,53.9,0.02,39,210172,买盘
10:24:15,53.96,0.06,21,113298,买盘
10:24:18,53.87,-0.09,416,2241261,卖盘
10:24:22,53.88,0.01,125,674877,买盘
10:24:24,53.9,0.02,307,1653821,卖盘
10:24:27,53.87,-0.03,95,512271,卖盘
10:24:30,53.9,0.03,13,70070,买盘
10:24:33,53.87,-0.03,184,991709,卖盘
10:24:36,53.89,0.02,85,457958,买盘
10:24:39,53.88,-0.01,96,517308,中性盘
10:24:43,53.87,-0.01,146,786758,卖盘
10:24:46,53.87,0.0,100,541996,卖盘
10:24:48,53.88,0.01,106,571295,中性盘
10:24:52,53.87,-0.01,44,237033,卖盘
10:24:54,53.87,0.0,70,375966,卖盘
10:24:57,53.88,0.01,36,192404,买盘
10:25:00,53.88,0.0,93,502584,买盘
10:25:05,53.88,0.0,110,594298,卖盘
10:25:07,53.88,0.0,585,3151446,卖盘
10:25:10,53.87,-0.01,46,247973,卖盘
10:25:13,53.88,0.01,53,285536,买盘
10:25:16,53.87,-0.01,9,48490,卖盘
10:25:18,53.9,0.03,119,641346,买盘
10:25:21,53.87,-0.03,79,425977,卖盘
10:25:25,53.87,0.0,8,43112,卖盘
10:25:27,53.9,0.03,150,809333,中性盘
10:25:30,53.9,0.0,32,172480,卖盘
10:25:33,53.9,0.0,204,1101161,卖盘
10:25:37,53.9,0.0,20,107850,卖盘
10:25:40,54.0,0.1,61,329290,买盘
10:25:43,53.95,-0.05,30,161732,买盘
10:25:45,53.9,-0.05,50,269595,卖盘
10:25:48,53.88,-0.02,510,2748754,卖盘
10:25:52,53.87,-0.01,48,258781,卖盘
10:25:55,53.88,0.01,176,950091,中性盘
10:25:58,53.99,0.11,40,215577,买盘
10:26:01,53.87,-0.12,123,663221,卖盘
10:26:04,53.88,0.01,113,609440,中性盘
10:26:07,53.88,0.0,6,32376,卖盘
10:26:09,53.88,0.0,55,296398,卖盘
10:26:13,53.89,0.01,58,312494,买盘
10:26:15,53.87,-0.02,78,420276,卖盘
10:26:19,53.88,0.01,47,253234,买盘
10:26:21,53.87,-0.01,125,673391,卖盘
10:26:25,53.88,0.01,83,447181,买盘
10:26:27,53.87,-0.01,56,301718,卖盘
10:26:30,53.88,0.01,467,2515639,中性盘
10:26:34,53.97,0.09,169,910939,买盘
10:26:36,53.97,0.0,10,53970,卖盘
10:26:39,53.89,-0.08,43,232102,卖盘
10:26:43,53.96,0.07,35,188790,买盘
10:26:45,53.99,0.03,28,150954,买盘
10:26:48,53.88,-0.11,19,102374,卖盘
10:26:51,53.87,-0.01,41,221118,卖盘
10:26:54,53.97,0.1,23,124107,中性盘
10:26:57,53.87,-0.1,47,253441,卖盘
10:27:00,53.97,0.1,2,10794,中性盘
10:27:05,53.88,-0.09,22,118578,卖盘
10:27:07,53.88,0.0,25,134701,卖盘
10:27:10,53.88,0.0,64,345017,卖盘
10:27:13,53.88,0.0,383,2063074,卖盘
10:27:15,53.96,0.08,138,744317,买盘
10:27:19,53.97,0.01,76,410130,买盘
10:27:22,53.88,-0.09,26,140104,卖盘
10:27:25,53.87,-0.01,30,161810,卖盘
10:27:27,53.87,0.0,33,177815,卖盘
10:27:30,53.88,0.01,52,280176,中性盘
10:27:34,53.88,0.0,47,253211,买盘
10:27:37,53.87,-0.01,25,134692,卖盘
10:27:40,53.87,0.0,45,242476,卖盘
10:27:42,53.87,0.0,63,339429,卖盘
10:27:45,53.97,0.1,14,75542,买盘
10:27:49,53.98,0.01,27,145700,买盘
10:27:52,53.9,-0.08,28,150884,卖盘
10:27:55,53.88,-0.02,25,134800,卖盘
10:27:57,53.87,-0.01,37,199409,卖盘
10:28:01,53.96,0.09,22,118632,买盘
10:28:04,53.9,-0.06,26,140170,卖盘
10:28:07,53.88,-0.02,24,129412,卖盘
10:28:10,53.88,0.0,27,145532,卖盘
10:28:13,53.98,0.1,142,765820,买盘
10:28:16,53.87,-0.11,311,1675398,卖盘
10:28:19,53.88,0.01,75,404060,买盘
10:28:21,53.87,-0.01,32,172526,卖盘
10:28:24,53.85,-0.02,182,980695,卖盘
10:28:27,53.86,0.01,33,177775,卖盘
10:28:30,53.96,0.1,114,615098,买盘
10:28:33,53.87,-0.09,44,237238,卖盘
10:28:36,53.88,0.01,14,75427,买盘
10:28:40,53.88,0.0,12,64731,卖盘
10:28:43,53.88,0.0,92,495736,卖盘
10:28:45,53.95,0.07,57,307365,中性盘
10:28:48,53.97,0.02,28,151104,买盘
10:28:51,53.9,-0.07,2,10780,卖盘
10:28:54,53.9,0.0,109,587226,买盘
10:28:57,53.86,-0.04,317,1707492,卖盘
10:29:01,53.9,0.04,62,334318,买盘
10:29:05,53.85,-0.05,214,1153590,卖盘
10:29:07,53.85,0.0,88,474552,卖盘
10:29:10,53.86,0.01,72,388373,卖盘
10:29:12,53.86,0.0,28,150926,卖盘
10:29:16,53.86,0.0,50,269292,买盘
10:29:19,53.94,0.08,26,140052,买盘
10:29:22,53.86,-0.08,47,253275,卖盘
10:29:25,53.85,-0.01,106,570962,卖盘
10:29:28,53.85,0.0,62,334185,卖盘
10:29:31,53.89,0.04,38,205014,中性盘
10:29:33,53.86,-0.03,36,193966,买盘
10:29:37,53.85,-0.01,28,150841,卖盘
10:29:39,53.85,0.0,418,2251056,卖盘
10:29:43,53.86,0.01,54,291027,卖盘
10:29:46,53.9,0.04,74,399937,买盘
10:29:48,53.85,-0.05,39,210093,卖盘
10:29:51,53.86,0.01,18,96938,中性盘
10:29:54,53.86,0.0,6,32316,卖盘
10:29:58,53.87,0.01,33,177718,买盘
10:30:01,53.85,-0.02,25,134661,卖盘
10:30:04,53.85,0.0,57,307055,卖盘
10:30:07,53.9,0.05,39,210181,买盘
10:30:10,53.95,0.05,145,781747,买盘
10:30:12,53.86,-0.09,73,393222,卖盘
10:30:15,53.86,0.0,75,403939,买盘
10:30:19,53.94,0.08,56,301796,买盘
10:30:21,53.94,0.0,60,323645,卖盘
10:30:25,53.86,-0.08,32,172452,卖盘
10:30:27,53.85,-0.01,27,145447,卖盘
10:30:31,53.85,0.0,10,53851,卖盘
10:30:34,53.86,0.01,40,215438,卖盘
10:30:37,53.85,-0.01,14,75406,卖盘
10:30:40,53.85,0.0,17,91581,卖盘
10:30:42,53.85,0.0,28,150842,卖盘
10:30:45,53.86,0.01,11,59243,买盘
10:30:48,53.9,0.04,8,43101,买盘
10:30:51,53.85,-0.05,24,129287,卖盘
10:30:55,53.86,0.01,9,48506,中性盘
10:30:57,53.85,-0.01,25,134629,卖盘
10:31:00,53.85,0.0,14,75435,卖盘
10:31:04,53.85,0.0,202,1087824,卖盘
10:31:06,53.9,0.05,92,495762,买盘
10:31:09,53.85,-0.05,22,118557,卖盘
10:31:12,53.86,0.01,63,339342,买盘
10:31:15,53.86,0.0,19,102332,买盘
10:31:18,53.86,0.0,37,199291,买盘
10:31:21,53.85,-0.01,55,296195,卖盘
10:31:25,53.85,0.0,58,312487,卖盘
10:31:27,53.86,0.01,20,107730,中性盘
10:31:31,53.85,-0.01,21,113154,卖盘
10:31:34,53.85,0.0,4,21540,卖盘
10:31:36,53.86,0.01,45,242350,买盘
10:31:39,53.86,0.0,87,468510,买盘
10:31:43,53.86,0.0,65,350025,买盘
10:31:46,53.84,-0.02,196,1055282,卖盘
10:31:48,53.85,0.01,42,226137,买盘
10:31:52,53.86,0.01,48,258473,买盘
10:31:54,53.85,-0.01,22,118468,买盘
10:31:57,53.84,-0.01,91,490382,卖盘
10:32:00,53.89,0.05,117,629707,买盘
10:32:04,53.85,-0.04,61,328917,卖盘
10:32:06,53.84,-0.01,114,614335,中性盘
10:32:09,53.84,0.0,26,140035,卖盘
10:32:13,53.84,0.0,100,538717,卖盘
10:32:16,53.92,0.08,23,123950,买盘
10:32:18,53.92,0.0,38,204951,卖盘
10:32:22,53.92,0.0,13,70106,卖盘
10:32:24,53.84,-0.08,1,5384,卖盘
10:32:27,53.84,0.0,287,1545138,卖盘
10:32:31,53.84,0.0,2,10769,卖盘
10:32:33,53.85,0.01,32,172347,卖盘
10:32:37,53.85,0.0,6,32310,卖盘
10:32:39,53.85,0.0,39,210017,卖盘
10:32:42,53.85,0.0,25,134625,卖盘
10:32:45,53.85,0.0,28,150776,买盘
10:32:48,53.85,0.0,22,118468,买盘
10:32:52,53.84,-0.01,49,263846,卖盘
10:32:55,53.84,0.0,75,403808,卖盘
10:32:57,53.84,0.0,102,549550,卖盘
10:33:01,53.84,0.0,25,134689,卖盘
10:33:04,53.84,0.0,128,690027,卖盘
10:33:07,53.84,0.0,18,94233,卖盘
10:33:09,53.83,-0.01,125,675623,卖盘
10:33:12,53.83,0.0,35,188391,买盘
10:33:16,53.83,0.0,61,328330,买盘
10:33:18,53.83,0.0,20,107645,买盘
10:33:22,53.83,0.0,35,188386,买盘
10:33:24,53.83,0.0,58,312200,买盘
10:33:27,53.82,-0.01,37,199153,卖盘
10:33:31,53.82,0.0,42,226045,卖盘
10:33:34,53.82,0.0,166,893697,卖盘
10:33:37,53.83,0.01,64,344466,卖盘
10:33:40,53.83,0.0,63,339178,买盘
10:33:42,53.82,-0.01,47,252970,卖盘
10:33:45,53.82,0.0,78,419864,卖盘
10:33:49,53.82,0.0,37,199164,买盘
10:33:51,53.83,0.01,292,1571291,卖盘
10:33:54,53.82,-0.01,152,818287,卖盘
10:33:58,53.82,0.0,26,139932,卖盘
10:34:01,53.82,0.0,108,581344,卖盘
10:34:05,53.82,0.0,64,344490,卖盘
10:34:07,53.82,0.0,25,134546,买盘
10:34:10,53.82,0.0,39,209878,买盘
10:34:12,53.82,0.0,83,446639,买盘
10:34:15,53.82,0.0,57,306771,买盘
10:34:19,53.85,0.03,33,177632,买盘
10:34:22,53.81,-0.04,28,150677,卖盘
10:34:25,53.84,0.03,13,69992,买盘
10:34:27,53.81,-0.03,36,193741,卖盘
10:34:31,53.82,0.01,55,296085,买盘
10:34:34,53.81,-0.01,368,1980126,卖盘
10:34:36,53.81,0.0,27,145329,中性盘
10:34:39,53.89,0.08,89,479310,买盘
10:34:43,53.81,-0.08,29,156024,买盘
10:34:46,53.84,0.03,54,290628,买盘
10:34:49,53.82,-0.02,5,26906,中性盘
10:34:51,53.82,0.0,7,37674,卖盘
10:34:55,53.81,-0.01,24,129154,卖盘
10:34:57,53.81,0.0,13,69954,卖盘
10:35:01,53.81,0.0,8,43058,卖盘
10:35:04,53.81,0.0,65,349790,卖盘
10:35:07,53.81,0.0,2,10762,卖盘
10:35:10,53.81,0.0,15,80715,卖盘
10:35:12,53.81,0.0,73,392867,卖盘
10:35:16,53.84,0.03,96,516707,买盘
10:35:19,53.81,-0.03,66,355322,卖盘
10:35:22,53.81,0.0,36,193747,卖盘
10:35:25,53.81,0.0,14,75349,卖盘
10:35:28,53.81,0.0,25,134525,卖盘
10:35:31,53.81,0.0,4,21524,卖盘
10:35:33,53.81,0.0,46,247556,卖盘
10:35:36,53.84,0.03,233,1253800,买盘
10:35:40,53.81,-0.03,10,53815,卖盘
10:35:42,53.81,0.0,39,205458,卖盘
10:35:45,53.83,0.02,16,86109,买盘
10:35:48,53.84,0.01,20,107664,买盘
10:35:51,53.82,-0.02,20,107656,卖盘
10:35:54,53.82,0.0,23,125142,卖盘
10:35:57,53.82,0.0,23,122440,卖盘
10:36:01,53.82,0.0,26,143148,买盘
10:36:04,53.82,0.0,29,156067,买盘
10:36:07,53.82,0.0,88,469934,买盘
10:36:09,53.82,0.0,23,123783,买盘
10:36:12,53.82,0.0,67,360597,卖盘
10:36:15,53.82,0.0,7,37679,卖盘
10:36:18,53.81,-0.01,221,1189331,卖盘
10:36:21,53.82,0.01,50,269636,卖盘
10:36:25,53.82,0.0,23,123786,卖盘
10:36:27,53.82,0.0,41,220668,卖盘
10:36:30,53.83,0.01,14,75361,买盘
10:36:33,53.83,0.0,50,269124,买盘
10:36:36,53.81,-0.02,52,278977,卖盘
10:36:39,53.84,0.03,280,1511839,买盘
10:36:42,53.85,0.01,231,1243705,买盘
10:36:46,53.88,0.03,273,1470075,买盘
10:36:49,53.88,0.0,177,953676,卖盘
10:36:51,53.85,-0.03,132,706825,卖盘
10:36:55,53.89,0.04,90,484735,买盘
10:36:58,53.83,-0.06,24,129254,卖盘
10:37:01,53.9,0.07,203,1094241,买盘
10:37:04,53.82,-0.08,43,231705,卖盘
10:37:06,53.91,0.09,14,75453,买盘
10:37:09,53.83,-0.08,85,458164,卖盘
10:37:13,53.84,0.01,20,107663,卖盘
10:37:15,53.91,0.07,118,635832,买盘
10:37:19,53.91,0.0,89,479819,卖盘
10:37:21,53.92,0.01,26,140176,买盘
10:37:24,53.92,0.0,29,156356,买盘
10:37:27,53.91,-0.01,69,371986,卖盘
10:37:30,53.92,0.01,41,219308,买盘
10:37:34,53.91,-0.01,63,339633,卖盘
10:37:37,53.91,0.0,46,249711,卖盘
10:37:39,53.82,-0.09,134,720912,卖盘
10:37:43,53.88,0.06,531,2857455,中性盘
10:37:46,53.88,0.0,9,48492,买盘
10:37:48,53.83,-0.05,30,161610,卖盘
10:37:52,53.88,0.05,128,690306,买盘
10:37:54,53.92,0.04,107,576823,买盘
10:37:57,53.88,-0.04,23,123863,卖盘
10:38:00,53.83,-0.05,147,792579,卖盘
10:38:04,53.88,0.05,45,242547,卖盘
10:38:07,53.88,0.0,28,150892,卖盘
10:38:09,53.85,-0.03,35,188569,卖盘
10:38:12,53.83,-0.02,55,296080,卖盘
10:38:16,53.87,0.04,36,193888,买盘
10:38:19,53.83,-0.04,15,80775,卖盘
10:38:21,53.83,0.0,31,166883,卖盘
10:38:24,53.82,-0.01,408,2196048,卖盘
10:38:27,53.82,0.0,91,489769,卖盘
10:38:31,53.9,0.08,34,183194,买盘
10:38:34,53.82,-0.08,141,759895,卖盘
10:38:36,53.88,0.06,13,70050,中性盘
10:38:39,53.88,0.0,34,183312,卖盘
10:38:43,53.86,-0.02,49,263274,卖盘
10:38:46,53.86,0.0,31,166950,买盘
10:38:48,53.82,-0.04,9,48462,卖盘
10:38:51,53.82,0.0,22,118424,卖盘
10:38:54,53.82,0.0,36,193772,卖盘
10:38:58,53.83,0.01,30,161526,中性盘
10:39:00,53.86,0.03,37,199339,买盘
10:39:05,53.82,-0.04,43,231533,卖盘
10:39:07,53.83,0.01,30,161535,卖盘
10:39:10,53.82,-0.01,37,199153,卖盘
10:39:12,53.83,0.01,40,215295,买盘
10:39:15,53.82,-0.01,64,344463,卖盘
10:39:19,53.83,0.01,55,296053,买盘
10:39:22,53.82,-0.01,28,150710,卖盘
10:39:24,53.83,0.01,96,516644,买盘
10:39:27,53.83,0.0,95,511325,买盘
10:39:30,53.83,0.0,49,263762,买盘
10:39:33,53.83,0.0,66,356802,买盘
10:39:36,53.83,0.0,29,156102,买盘
10:39:40,53.83,0.0,58,312176,买盘
10:39:42,53.82,-0.01,84,453687,卖盘
10:39:46,53.82,0.0,36,193768,卖盘
10:39:48,53.82,0.0,231,1243160,卖盘
10:39:52,53.81,-0.01,53,285305,卖盘
10:39:54,53.81,0.0,60,323083,卖盘
10:39:58,53.89,0.08,49,263953,买盘
10:40:00,53.82,-0.07,50,269429,中性盘
10:40:04,53.81,-0.01,76,409063,卖盘
10:40:07,53.86,0.05,34,183134,中性盘
10:40:10,53.81,-0.05,67,360722,卖盘
10:40:13,53.81,0.0,51,274653,卖盘
10:40:15,53.9,0.09,84,452237,买盘
10:40:19,53.88,-0.02,48,258554,买盘
10:40:21,53.82,-0.06,27,145392,卖盘
10:40:24,53.88,0.06,14,75437,买盘
10:40:28,53.88,0.0,28,150892,卖盘
10:40:30,53.82,-0.06,11,59202,卖盘
10:40:34,53.88,0.06,38,204641,买盘
10:40:37,53.88,0.0,10,53880,买盘
10:40:40,53.82,-0.06,48,256840,卖盘
10:40:43,53.88,0.06,51,274657,买盘
10:40:45,53.88,0.0,21,113052,买盘
10:40:48,53.88,0.0,39,210133,买盘
10:40:52,53.82,-0.06,24,129352,卖盘
10:40:54,53.86,0.04,20,107712,买盘
10:40:57,53.86,0.0,45,242329,买盘
10:41:01,53.86,0.0,9,48467,买盘
10:41:04,53.82,-0.04,36,194577,卖盘
10:41:06,53.82,0.0,40,215392,卖盘
10:41:09,53.84,0.02,26,139968,中性盘
10:41:13,53.83,-0.01,41,217814,卖盘
10:41:16,53.83,0.0,43,231435,买盘
10:41:19,53.82,-0.01,41,220701,卖盘
10:41:22,53.82,0.0,30,161470,卖盘
10:41:24,53.86,0.04,17,91527,买盘
10:41:28,53.82,-0.04,29,156101,卖盘
10:41:30,53.82,0.0,43,231450,卖盘
10:41:33,53.81,-0.01,173,931026,卖盘
10:41:37,53.82,0.01,37,199202,中性盘
10:41:39,53.86,0.04,55,296163,买盘
10:41:43,53.82,-0.04,71,382195,买盘
10:41:46,53.84,0.02,7,37694,中性盘
10:41:49,53.82,-0.02,23,123848,卖盘
10:41:51,53.82,0.0,22,118418,卖盘
10:41:54,53.88,0.06,16,86200,买盘
10:41:58,53.82,-0.06,16,86112,卖盘
10:42:01,53.82,0.0,49,263728,卖盘
10:42:04,53.83,0.01,43,231474,中性盘
10:42:06,53.85,0.02,10,53850,买盘
10:42:10,53.83,-0.02,9,48452,卖盘
10:42:12,53.83,0.0,38,204563,卖盘
10:42:15,53.83,0.0,206,1108614,买盘
10:42:18,53.81,-0.02,23,123793,卖盘
10:42:22,53.81,0.0,101,543758,卖盘
10:42:24,53.81,0.0,163,877117,卖盘
10:42:28,53.81,0.0,131,705398,卖盘
10:42:30,53.82,0.01,2216,11922343,中性盘
10:42:33,53.81,-0.01,190,1027064,卖盘
10:42:37,53.82,0.01,18,96870,中性盘
10:42:40,53.82,0.0,240,1294045,卖盘
10:42:43,53.84,0.02,42,226202,买盘
10:42:45,53.92,0.08,77,414988,买盘
10:42:49,53.92,0.0,410,2210910,卖盘
10:42:51,53.92,0.0,103,555411,卖盘
10:42:55,53.92,0.0,111,598581,卖盘
10:42:58,53.85,-0.07,33,177919,卖盘
10:43:01,53.9,0.05,16,85402,买盘
10:43:04,53.82,-0.08,16,83992,卖盘
10:43:07,53.85,0.03,14,77834,买盘
10:43:09,53.84,-0.01,59,317602,中性盘
10:43:12,53.85,0.01,62,333856,买盘
10:43:16,53.85,0.0,53,285405,卖盘
10:43:18,53.9,0.05,46,247812,买盘
10:43:21,53.82,-0.08,14,75404,卖盘
10:43:24,53.82,0.0,18,96953,卖盘
10:43:27,53.82,0.0,36,193783,卖盘
10:43:30,53.85,0.03,27,145393,买盘
10:43:33,53.82,-0.03,27,145394,卖盘
10:43:36,53.89,0.07,9,48496,买盘
10:43:40,53.83,-0.06,94,506152,卖盘
10:43:42,53.83,0.0,56,301434,买盘
10:43:46,53.82,-0.01,17,91496,卖盘
10:43:49,53.82,0.0,30,161486,卖盘
10:43:52,53.82,0.0,36,193774,卖盘
10:43:54,53.83,0.01,55,294204,买盘
10:43:57,53.83,0.0,39,210825,买盘
10:44:01,53.83,0.0,66,355266,买盘
10:44:04,53.82,-0.01,101,544895,中性盘
10:44:07,53.82,0.0,29,156095,买盘
10:44:10,53.82,0.0,54,290666,卖盘
10:44:12,53.82,0.0,48,259633,买盘
10:44:16,53.8,-0.02,34,183003,卖盘
10:44:18,53.82,0.02,36,193732,买盘
10:44:22,53.82,0.0,154,828524,买盘
10:44:24,53.82,0.0,70,376740,买盘
10:44:28,53.8,-0.02,39,209835,卖盘
10:44:30,53.8,0.0,95,511168,卖盘
10:44:33,53.82,0.02,105,563420,买盘
10:44:36,53.82,0.0,14,75347,买盘
10:44:40,53.8,-0.02,43,231373,卖盘
10:44:42,53.8,0.0,57,306631,买盘
10:44:45,53.8,0.0,42,225954,买盘
10:44:49,53.79,-0.01,50,269049,卖盘
10:44:52,53.79,0.0,100,537925,卖盘
10:44:55,53.79,0.0,58,313773,卖盘
10:44:57,53.78,-0.01,32,172114,卖盘
10:45:01,53.78,0.0,33,177495,卖盘
10:45:04,53.79,0.01,344,1849964,买盘
10:45:07,53.78,-0.01,23,123706,中性盘
10:45:10,53.77,-0.01,113,607779,卖盘
10:45:13,53.77,0.0,102,548525,卖盘
10:45:16,53.77,0.0,160,860555,卖盘
10:45:19,53.77,0.0,65,349615,买盘
10:45:21,53.77,0.0,58,311946,中性盘
10:45:24,53.77,0.0,70,376754,卖盘
10:45:28,53.87,0.1,12,64634,中性盘
10:45:31,53.77,-0.1,59,317757,卖盘
10:45:33,53.77,0.0,38,204530,卖盘
10:45:36,53.77,0.0,43,231211,卖盘
10:45:39,53.77,0.0,57,306485,买盘
10:45:42,53.77,0.0,71,381731,买盘
10:45:46,53.77,0.0,369,1983151,买盘
10:45:49,53.75,-0.02,27,145173,卖盘
10:45:51,53.75,0.0,96,516038,卖盘
10:45:55,53.75,0.0,57,302830,卖盘
10:45:57,53.75,0.0,104,562968,卖盘
10:46:00,53.75,0.0,35,188113,买盘
10:46:04,53.75,0.0,40,211475,买盘
10:46:07,53.75,0.0,38,204230,买盘
10:46:10,53.74,-0.01,67,359821,卖盘
10:46:13,53.75,0.01,122,657954,买盘
10:46:15,53.75,0.0,37,198878,卖盘
10:46:18,53.75,0.0,37,198877,卖盘
10:46:22,53.75,0.0,65,349383,卖盘
10:46:24,53.75,0.0,29,155889,卖盘
10:46:27,53.77,0.02,36,193508,买盘
10:46:31,53.77,0.0,45,241965,买盘
10:46:33,53.77,0.0,24,129048,卖盘
10:46:37,53.77,0.0,28,150556,卖盘
10:46:39,53.77,0.0,13,69934,卖盘
10:46:43,53.77,0.0,48,258155,卖盘
10:46:45,53.77,0.0,39,209705,卖盘
10:46:48,53.74,-0.03,345,1854231,卖盘
10:46:51,53.77,0.03,57,306496,卖盘
10:46:57,53.8,0.03,28,150568,买盘
10:47:00,53.76,-0.04,3,16131,卖盘
10:47:04,53.74,-0.02,273,1466571,卖盘
10:47:09,53.74,0.0,23,123605,卖盘
10:47:13,53.74,0.0,42,224908,卖盘
10:47:16,53.74,0.0,5,26870,买盘
10:47:18,53.73,-0.01,5,26868,卖盘
10:47:22,53.73,0.0,102,548064,卖盘
10:47:24,53.72,-0.01,47,251525,卖盘
10:47:27,53.72,0.0,18,96709,卖盘
10:47:31,53.71,-0.01,273,1466451,卖盘
10:47:34,53.71,0.0,48,259108,卖盘
10:47:37,53.72,0.01,73,392153,买盘
10:47:40,53.71,-0.01,90,483402,卖盘
10:47:42,53.72,0.01,48,257826,买盘
10:47:45,53.71,-0.01,60,322260,卖盘
10:47:48,53.71,0.0,65,349137,卖盘
10:47:52,53.71,0.0,51,273930,卖盘
10:47:54,53.71,0.0,73,394393,卖盘
10:47:58,53.7,-0.01,21,112780,卖盘
10:48:00,53.71,0.01,62,332989,买盘
10:48:04,53.71,0.0,27,145001,买盘
10:48:07,53.7,-0.01,42,225557,卖盘
10:48:10,53.7,0.0,99,527677,卖盘
10:48:13,53.7,0.0,375,2013775,卖盘
10:48:15,53.7,0.0,346,1862001,卖盘
10:48:18,53.69,-0.01,7,37589,卖盘
10:48:22,53.69,0.0,38,204036,卖盘
10:48:24,53.68,-0.01,22,118096,卖盘
10:48:27,53.69,0.01,28,145804,买盘
10:48:31,53.68,-0.01,48,257675,卖盘
10:48:33,53.68,0.0,50,268432,卖盘
10:48:36,53.69,0.01,54,291458,买盘
10:48:39,53.68,-0.01,187,1001581,卖盘
10:48:42,53.69,0.01,125,671092,买盘
10:48:45,53.69,0.0,69,370421,买盘
10:48:49,53.68,-0.01,71,381131,卖盘
10:48:52,53.68,0.0,66,354307,卖盘
10:48:55,53.66,-0.02,350,1883642,卖盘
10:48:58,53.65,-0.01,45,241460,卖盘
10:49:00,53.66,0.01,40,214612,买盘
10:49:04,53.65,-0.01,107,574042,卖盘
10:49:07,53.64,-0.01,13,69742,卖盘
10:49:10,53.64,0.0,53,284317,卖盘
10:49:12,53.62,-0.02,70,371037,卖盘
10:49:16,53.64,0.02,85,455946,买盘
10:49:18,53.64,0.0,41,219958,卖盘
10:49:22,53.64,0.0,46,246762,卖盘
10:49:24,53.64,0.0,11,59005,买盘
10:49:28,53.65,0.01,49,262870,买盘
10:49:30,53.66,0.01,35,187780,买盘
10:49:33,53.63,-0.03,74,396965,卖盘
10:49:36,53.65,0.02,405,2171583,中性盘
10:49:39,53.62,-0.03,35,187079,中性盘
10:49:43,53.62,0.0,55,294972,卖盘
10:49:46,53.62,0.0,33,177232,卖盘
10:49:49,53.61,-0.01,114,611199,卖盘
10:49:51,53.65,0.04,48,257544,买盘
10:49:54,53.61,-0.04,55,294924,卖盘
10:49:57,53.61,0.0,25,134035,卖盘
10:50:00,53.61,0.0,70,375300,卖盘
10:50:05,53.62,0.01,59,316376,卖盘
10:50:07,53.62,0.0,334,1790727,卖盘
10:50:10,53.63,0.01,59,316397,买盘
10:50:13,53.65,0.02,56,300358,买盘
10:50:16,53.63,-0.02,17,91183,卖盘
10:50:19,53.61,-0.02,258,1383236,卖盘
10:50:21,53.61,0.0,62,332348,买盘
10:50:25,53.61,0.0,32,171552,买盘
10:50:27,53.61,0.0,145,777347,买盘
10:50:30,53.61,0.0,33,176923,卖盘
10:50:34,53.61,0.0,28,150132,卖盘
10:50:37,53.64,0.03,31,166275,中性盘
10:50:39,53.65,0.01,24,128742,买盘
10:50:42,53.65,0.0,32,171651,买盘
10:50:45,53.65,0.0,67,361571,买盘
10:50:48,53.65,0.0,15,80475,卖盘
10:50:51,53.68,0.03,21,112677,买盘
10:50:54,53.65,-0.03,22,119289,卖盘
10:50:57,53.68,0.03,47,252267,买盘
10:51:00,53.65,-0.03,8,42939,卖盘
10:51:04,53.68,0.03,68,364985,买盘
10:51:06,53.68,0.0,9,48288,买盘
10:51:09,53.65,-0.03,99,529932,卖盘
10:51:12,53.68,0.03,162,871572,买盘
10:51:15,53.68,0.0,6,32208,卖盘
10:51:18,53.69,0.01,76,407982,买盘
10:51:21,53.67,-0.02,57,303823,卖盘
10:51:25,53.67,0.0,53,284451,买盘
10:51:27,53.64,-0.03,43,230692,卖盘
10:51:31,53.66,0.02,31,166373,中性盘
10:51:34,53.67,0.01,56,300412,买盘
10:51:37,53.66,-0.01,71,381028,卖盘
10:51:40,53.65,-0.01,19,101947,卖盘
10:51:42,53.67,0.02,41,219984,买盘
10:51:46,53.66,-0.01,54,289746,卖盘
10:51:48,53.66,0.0,65,348821,卖盘
10:51:52,53.67,0.01,182,978831,买盘
10:51:54,53.67,0.0,71,381057,卖盘
10:51:58,53.68,0.01,7,37571,买盘
10:52:01,53.67,-0.01,15,80509,卖盘
10:52:04,53.68,0.01,366,1963779,买盘
10:52:07,53.68,0.0,33,177133,买盘
10:52:10,53.65,-0.03,102,547203,卖盘
10:52:13,53.68,0.03,48,257522,买盘
10:52:16,53.65,-0.03,21,112687,卖盘
10:52:18,53.68,0.03,45,241370,买盘
10:52:22,53.68,0.0,36,188828,买盘
10:52:24,53.66,-0.02,50,268379,卖盘
10:52:27,53.65,-0.01,18,96596,卖盘
10:52:30,53.66,0.01,20,111939,卖盘
10:52:33,53.66,0.0,33,172470,卖盘
10:52:36,53.66,0.0,20,107310,买盘
10:52:39,53.66,0.0,13,69756,买盘
10:52:42,53.65,-0.01,130,701774,卖盘
10:52:46,53.65,0.0,372,1994745,买盘
10:52:49,53.61,-0.04,63,335625,卖盘
10:52:51,53.65,0.04,28,150169,买盘
10:52:54,53.64,-0.01,10,53645,中性盘
10:52:57,53.62,-0.02,63,336950,卖盘
10:53:00,53.65,0.03,50,268151,买盘
10:53:04,53.63,-0.02,20,107224,中性盘
10:53:06,53.62,-0.01,30,160857,卖盘
10:53:09,53.62,0.0,15,80430,卖盘
10:53:12,53.65,0.03,38,203775,买盘
10:53:16,53.62,-0.03,19,104522,卖盘
10:53:19,53.63,0.01,21,112640,卖盘
10:53:21,53.63,0.0,32,171591,买盘
10:53:25,53.63,0.0,14,75079,买盘
10:53:28,53.63,0.0,40,215459,买盘
10:53:30,53.63,0.0,35,187695,买盘
10:53:33,53.63,0.0,35,187681,买盘
10:53:37,53.63,0.0,11,58993,卖盘
10:53:39,53.63,0.0,22,117987,卖盘
10:53:42,53.63,0.0,43,230614,卖盘
10:53:45,53.63,0.0,30,157997,卖盘
10:53:48,53.61,-0.02,307,1646036,卖盘
10:53:52,53.61,0.0,54,289574,卖盘
10:53:54,53.61,0.0,49,262715,卖盘
10:53:57,53.62,0.01,23,123344,中性盘
10:54:00,53.61,-0.01,14,75090,卖盘
10:54:05,53.64,0.03,30,160856,买盘
10:54:07,53.64,0.0,2,10727,买盘
10:54:09,53.62,-0.02,14,75076,卖盘
10:54:13,53.62,0.0,33,176947,卖盘
10:54:16,53.63,0.01,1,5363,买盘
10:54:19,53.63,0.0,39,209124,买盘
10:54:22,53.63,0.0,49,262741,买盘
10:54:24,53.63,0.0,44,235947,买盘
10:54:27,53.62,-0.01,18,96522,卖盘
10:54:30,53.61,-0.01,231,1238560,卖盘
10:54:34,53.62,0.01,28,150113,买盘
10:54:37,53.62,0.0,27,144753,买盘
10:54:39,53.62,0.0,65,348495,买盘
10:54:43,53.61,-0.01,108,578998,卖盘
10:54:45,53.62,0.01,133,713084,买盘
10:54:49,53.62,0.0,12,64344,卖盘
10:54:51,53.62,0.0,18,96516,卖盘
10:54:54,53.64,0.02,10,53624,买盘
10:54:58,53.62,-0.02,7,37534,卖盘
10:55:01,53.63,0.01,85,455775,买盘
10:55:04,53.63,0.0,103,552317,买盘
10:55:07,53.62,-0.01,28,150153,卖盘
10:55:10,53.62,0.0,36,193033,卖盘
10:55:12,53.61,-0.01,333,1785558,卖盘
10:55:15,53.62,0.01,21,110956,卖盘
10:55:18,53.62,0.0,8,42901,卖盘
10:55:21,53.61,-0.01,30,160841,卖盘
10:55:24,53.62,0.01,104,557568,买盘
10:55:27,53.62,0.0,52,278825,买盘
10:55:31,53.62,0.0,2,10724,卖盘
10:55:33,53.62,0.0,41,219842,卖盘
10:55:37,53.62,0.0,19,101867,卖盘
10:55:39,53.62,0.0,35,189283,卖盘
10:55:42,53.62,0.0,27,143159,卖盘
10:55:45,53.62,0.0,71,382312,买盘
10:55:48,53.62,0.0,75,402147,买盘
10:55:51,53.61,-0.01,62,332420,卖盘
10:55:54,53.61,0.0,273,1463570,卖盘
10:55:57,53.61,0.0,31,166201,卖盘
10:56:01,53.61,0.0,6,32170,卖盘
10:56:04,53.62,0.01,84,450350,买盘
10:56:07,53.61,-0.01,23,124158,卖盘
10:56:09,53.6,-0.01,24,128658,卖盘
10:56:13,53.6,0.0,805,4314841,卖盘
10:56:15,53.6,0.0,46,246571,卖盘
10:56:18,53.6,0.0,254,1361448,卖盘
10:56:22,53.61,0.01,70,375208,买盘
10:56:24,53.6,-0.01,136,728962,卖盘
10:56:27,53.6,0.0,264,1414709,卖盘
10:56:30,53.6,0.0,62,332253,买盘
10:56:33,53.58,-0.02,61,325514,卖盘
10:56:36,53.6,0.02,4,21437,买盘
10:56:39,53.58,-0.02,28,150050,卖盘
10:56:43,53.59,0.01,28,150036,买盘
10:56:46,53.58,-0.01,39,212021,卖盘
10:56:48,53.58,0.0,7,37506,卖盘
10:56:51,53.58,0.0,34,182187,卖盘
10:56:55,53.58,0.0,144,771560,卖盘
10:56:58,53.56,-0.02,454,2430379,卖盘
10:57:01,53.55,-0.01,46,246355,卖盘
10:57:04,53.55,0.0,43,231666,卖盘
10:57:07,53.55,0.0,66,353430,卖盘
10:57:10,53.51,-0.04,515,2756448,卖盘
10:57:12,53.51,0.0,53,280584,卖盘
10:57:16,53.51,0.0,31,165915,卖盘
10:57:19,53.55,0.04,131,701048,买盘
10:57:21,53.51,-0.04,59,319959,卖盘
10:57:24,53.51,0.0,148,791952,卖盘
10:57:28,53.53,0.02,31,165913,中性盘
10:57:30,53.54,0.01,31,165936,中性盘
10:57:34,53.52,-0.02,24,128442,卖盘
10:57:37,53.51,-0.01,81,433434,卖盘
10:57:40,53.51,0.0,44,232943,卖盘
10:57:42,53.5,-0.01,316,1690822,卖盘
10:57:45,53.5,0.0,256,1369656,卖盘
10:57:48,53.5,0.0,24,128405,卖盘
10:57:51,53.51,0.01,451,2412905,买盘
10:57:55,53.51,0.0,141,754385,买盘
10:57:58,53.51,0.0,192,1027261,买盘
10:58:00,53.51,0.0,520,2782050,卖盘
10:58:05,53.5,-0.01,75,403764,卖盘
10:58:07,53.5,0.0,55,294280,卖盘
10:58:10,53.51,0.01,102,545721,买盘
10:58:12,53.5,-0.01,87,460910,卖盘
10:58:16,53.5,0.0,84,451219,卖盘
10:58:19,53.49,-0.01,229,1225261,卖盘
10:58:22,53.49,0.0,60,320902,买盘
10:58:25,53.48,-0.01,39,208601,卖盘
10:58:27,53.48,0.0,127,677380,卖盘
10:58:31,53.47,-0.01,107,574045,卖盘
10:58:33,53.48,0.01,60,320820,买盘
10:58:36,53.48,0.0,368,1969698,买盘
10:58:39,53.48,0.0,27,144403,卖盘
10:58:43,53.48,0.0,57,304837,卖盘
10:58:46,53.48,0.0,48,256722,卖盘
10:58:48,53.48,0.0,46,246011,卖盘
10:58:52,53.48,0.0,39,205044,卖盘
10:58:55,53.48,0.0,35,187161,买盘
10:58:58,53.48,0.0,40,216131,买盘
10:59:00,53.47,-0.01,61,326224,卖盘
10:59:04,53.47,0.0,44,235289,卖盘
10:59:07,53.48,0.01,20,106952,买盘
10:59:10,53.46,-0.02,451,2411550,卖盘
10:59:13,53.48,0.02,61,326136,买盘
10:59:16,53.46,-0.02,52,277996,卖盘
10:59:19,53.48,0.02,8,42780,中性盘
10:59:21,53.47,-0.01,8,42776,卖盘
10:59:25,53.48,0.01,33,176454,买盘
10:59:27,53.48,0.0,95,505344,买盘
10:59:31,53.48,0.0,26,139044,买盘
10:59:34,53.48,0.0,64,342197,买盘
10:59:37,53.48,0.0,39,208577,卖盘
10:59:39,53.51,0.03,101,539993,买盘
10:59:42,53.51,0.0,23,123371,卖盘
10:59:46,53.51,0.0,48,256443,买盘
10:59:49,53.52,0.01,1,5352,买盘
10:59:51,53.5,-0.02,27,144488,卖盘
10:59:55,53.51,0.01,33,176627,卖盘
10:59:57,53.52,0.01,11,58872,中性盘
11:00:00,53.52,0.0,44,235494,卖盘
11:00:04,53.52,0.0,25,133795,买盘
11:00:07,53.52,0.0,33,176603,买盘
11:00:10,53.51,-0.01,41,219406,卖盘
11:00:12,53.51,0.0,39,208672,买盘
11:00:16,53.52,0.01,79,423922,买盘
11:00:19,53.51,-0.01,33,177510,卖盘
11:00:22,53.51,0.0,48,256860,卖盘
11:00:24,53.51,0.0,22,117709,买盘
11:00:27,53.49,-0.02,38,203309,卖盘
11:00:30,53.5,0.01,48,256757,中性盘
11:00:34,53.5,0.0,101,538448,买盘
11:00:36,53.51,0.01,14,74906,买盘
11:00:40,53.51,0.0,39,208658,买盘
11:00:42,53.5,-0.01,188,1005808,卖盘
11:00:46,53.49,-0.01,63,337023,卖盘
11:00:49,53.49,0.0,59,315567,买盘
11:00:51,53.49,0.0,100,535449,买盘
11:00:55,53.49,0.0,91,485611,卖盘
11:00:58,53.49,0.0,1040,5560190,卖盘
11:01:01,53.49,0.0,25,134797,卖盘
11:01:04,53.48,-0.01,35,186146,卖盘
11:01:07,53.49,0.01,22,117671,卖盘
11:01:09,53.49,0.0,42,227693,买盘
11:01:13,53.47,-0.02,153,817969,买盘
11:01:15,53.49,0.02,17,90888,买盘
11:01:18,53.47,-0.02,14,74858,卖盘
11:01:21,53.47,0.0,49,261994,卖盘
11:01:24,53.46,-0.01,9,48117,卖盘
11:01:27,53.47,0.01,23,119912,买盘
11:01:30,53.47,0.0,63,338357,买盘
11:01:33,53.45,-0.02,79,424424,卖盘
11:01:37,53.45,0.0,43,229846,卖盘
11:01:40,53.46,0.01,58,306166,买盘
11:01:43,53.45,-0.01,47,251217,卖盘
11:01:45,53.45,0.0,47,252818,卖盘
11:01:49,53.45,0.0,12,64131,买盘
11:01:52,53.43,-0.02,93,499585,卖盘
11:01:54,53.43,0.0,27,144263,卖盘
11:01:58,53.43,0.0,28,149607,卖盘
11:02:00,53.43,0.0,31,164158,买盘
11:02:04,53.42,-0.01,42,224370,中性盘
11:02:07,53.43,0.01,57,304494,买盘
11:02:09,53.42,-0.01,74,395249,买盘
11:02:12,53.41,-0.01,120,639804,卖盘
11:02:15,53.41,0.0,19,101468,买盘
11:02:18,53.4,-0.01,63,336432,卖盘
11:02:21,53.4,0.0,110,589392,卖盘
11:02:24,53.41,0.01,120,640834,买盘
11:02:28,53.4,-0.01,58,310863,卖盘
11:02:31,53.4,0.0,39,204320,卖盘
11:02:33,53.41,0.01,40,213630,卖盘
11:02:36,53.4,-0.01,241,1287142,卖盘
11:02:40,53.41,0.01,36,192276,中性盘
11:02:42,53.4,-0.01,52,277703,卖盘
11:02:46,53.4,0.0,64,341777,卖盘
11:02:49,53.4,0.0,143,766690,卖盘
11:02:51,53.41,0.01,75,400530,买盘
11:02:55,53.4,-0.01,125,667575,卖盘
11:02:57,53.4,0.0,151,803080,卖盘
11:03:00,53.41,0.01,131,699589,买盘
11:03:04,53.4,-0.01,47,251009,卖盘
11:03:07,53.41,0.01,33,176247,买盘
11:03:09,53.41,0.0,74,395229,买盘
11:03:13,53.42,0.01,68,363238,买盘
11:03:16,53.42,0.0,46,245760,卖盘
11:03:18,53.42,0.0,20,106846,卖盘
11:03:22,53.44,0.02,26,138918,买盘
11:03:24,53.44,0.0,97,518326,买盘
11:03:27,53.44,0.0,67,358048,卖盘
11:03:31,53.45,0.01,24,128256,买盘
11:03:33,53.44,-0.01,36,192398,卖盘
11:03:37,53.45,0.01,37,197756,买盘
11:03:39,53.45,0.0,333,1783624,买盘
11:03:43,53.44,-0.01,169,899442,卖盘
11:03:46,53.44,0.0,51,272539,买盘
11:03:48,53.44,0.0,254,1357367,买盘
11:03:52,53.44,0.0,170,908378,买盘
11:03:54,53.44,0.0,80,431263,买盘
11:03:57,53.44,0.0,24,128264,卖盘
11:04:01,53.45,0.01,16,85517,买盘
11:04:04,53.45,0.0,60,320672,买盘
11:04:07,53.44,-0.01,233,1241423,卖盘
11:04:10,53.44,0.0,104,555768,买盘
11:04:13,53.43,-0.01,79,422116,卖盘
11:04:15,53.44,0.01,151,806930,买盘
11:04:19,53.43,-0.01,28,149618,卖盘
11:04:22,53.43,0.0,54,288543,卖盘
11:04:24,53.43,0.0,61,325972,卖盘
11:04:27,53.43,0.0,97,522227,卖盘
11:04:30,53.44,0.01,36,192380,买盘
11:04:33,53.44,0.0,48,256473,买盘
11:04:37,53.44,0.0,49,261845,买盘
11:04:40,53.44,0.0,129,685600,买盘
11:04:43,53.43,-0.01,75,400759,卖盘
11:04:45,53.44,0.01,56,302355,买盘
11:04:48,53.45,0.01,2,10690,买盘
11:04:52,53.45,0.0,46,245840,买盘
11:04:54,53.45,0.0,37,197753,买盘
11:04:58,53.45,0.0,23,122937,卖盘
11:05:00,53.46,0.01,39,208483,买盘
11:05:04,53.46,0.0,114,609298,卖盘
11:05:07,53.47,0.01,16,85542,买盘
11:05:10,53.5,0.03,96,513589,买盘
11:05:12,53.48,-0.02,27,144434,卖盘
11:05:16,53.52,0.04,26,139144,买盘
11:05:18,53.52,0.0,11,58872,买盘
11:05:22,53.5,-0.02,75,400448,卖盘
11:05:24,53.55,0.05,36,192680,买盘
11:05:28,53.52,-0.03,25,133805,中性盘
11:05:30,53.55,0.03,21,112440,买盘
11:05:33,53.55,0.0,38,203438,卖盘
11:05:36,53.56,0.01,32,171323,买盘
11:05:40,53.56,0.0,17,91039,买盘
11:05:42,53.53,-0.03,145,776473,卖盘
11:05:46,53.53,0.0,87,465689,买盘
11:05:49,53.53,0.0,41,219454,买盘
11:05:51,53.53,0.0,60,321150,买盘
11:05:55,53.53,0.0,116,620896,买盘
11:05:57,53.53,0.0,462,2473041,买盘
11:06:01,53.53,0.0,12,64236,买盘
11:06:04,53.53,0.0,58,310434,买盘
11:06:07,53.53,0.0,21,112379,买盘
11:06:09,53.53,0.0,53,282226,买盘
11:06:13,53.51,-0.02,54,289031,卖盘
11:06:15,53.53,0.02,136,728522,买盘
11:06:19,53.53,0.0,47,251591,买盘
11:06:21,53.53,0.0,28,149868,买盘
11:06:24,53.53,0.0,87,465662,买盘
11:06:27,53.53,0.0,59,315806,买盘
11:06:30,53.53,0.0,18,96334,买盘
11:06:34,53.51,-0.02,126,675141,卖盘
11:06:36,53.5,-0.01,29,155164,卖盘
11:06:40,53.51,0.01,34,179294,买盘
11:06:43,53.51,0.0,277,1482009,买盘
11:06:46,53.51,0.0,45,243301,买盘
11:06:49,53.51,0.0,17,90053,买盘
11:06:52,53.51,0.0,27,144477,卖盘
11:06:55,53.51,0.0,21,110712,卖盘
11:06:57,53.51,0.0,29,155179,买盘
11:07:01,53.51,0.0,22,117711,买盘
11:07:05,53.5,-0.01,44,235421,卖盘
11:07:07,53.51,0.01,29,155179,买盘
11:07:10,53.51,0.0,19,101669,卖盘
11:07:13,53.52,0.01,16,85618,买盘
11:07:15,53.52,0.0,14,74915,中性盘
11:07:18,53.52,0.0,4,21405,买盘
11:07:21,53.51,-0.01,22,117727,卖盘
11:07:25,53.52,0.01,16,85632,买盘
11:07:27,53.51,-0.01,47,251518,卖盘
11:07:30,53.51,0.0,127,679486,卖盘
11:07:33,53.5,-0.01,37,197990,卖盘
11:07:37,53.52,0.02,24,128408,买盘
11:07:40,53.51,-0.01,2,10703,中性盘
11:07:42,53.51,0.0,43,230115,卖盘
11:07:46,53.51,0.0,220,1178825,卖盘
11:07:48,53.52,0.01,23,123093,买盘
11:07:51,53.51,-0.01,23,123082,卖盘
11:07:54,53.51,0.0,43,230112,卖盘
11:07:57,53.51,0.0,7,37460,卖盘
11:08:00,53.52,0.01,15,80274,卖盘
11:08:04,53.52,0.0,25,133789,卖盘
11:08:07,53.51,-0.01,13,72138,卖盘
11:08:10,53.5,-0.01,17,90965,卖盘
11:08:13,53.51,0.01,27,144456,买盘
11:08:15,53.51,0.0,37,197973,买盘
11:08:19,53.51,0.0,13,69561,买盘
11:08:21,53.51,0.0,36,192610,买盘
11:08:25,53.51,0.0,14,74912,买盘
11:08:27,53.51,0.0,5,26755,卖盘
11:08:31,53.52,0.01,42,224746,买盘
11:08:33,53.52,0.0,25,133778,买盘
11:08:36,53.51,-0.01,68,362789,卖盘
11:08:40,53.51,0.0,34,181953,卖盘
11:08:42,53.52,0.01,58,310393,买盘
11:08:45,53.51,-0.01,34,181947,卖盘
11:08:48,53.51,0.0,20,105045,卖盘
11:08:52,53.52,0.01,34,181954,买盘
11:08:54,53.52,0.0,36,192670,买盘
11:08:58,53.52,0.0,51,272895,买盘
11:09:00,53.52,0.0,18,96317,买盘
11:09:04,53.5,-0.02,24,128420,卖盘
11:09:09,53.51,0.01,33,176583,买盘
11:09:12,53.51,0.0,38,203340,卖盘
11:09:15,53.52,0.01,16,85617,买盘
11:09:19,53.51,-0.01,41,219391,卖盘
11:09:22,53.51,0.0,50,267559,卖盘
11:09:25,53.52,0.01,76,406680,买盘
11:09:28,53.52,0.0,9,48168,卖盘
11:09:30,53.52,0.0,11,58872,卖盘
11:09:34,53.52,0.0,70,372656,卖盘
11:09:37,53.52,0.0,24,128436,买盘
11:09:39,53.51,-0.01,15,80272,卖盘
11:09:42,53.52,0.01,20,107026,买盘
11:09:45,53.52,0.0,227,1214905,买盘
11:09:48,53.53,0.01,15,80295,买盘
11:09:51,53.53,0.0,49,262270,买盘
11:09:54,53.52,-0.01,43,230156,卖盘
11:09:57,53.55,0.03,677,3622563,买盘
11:10:01,53.52,-0.03,44,235542,卖盘
11:10:04,53.55,0.03,37,198057,买盘
11:10:07,53.55,0.0,4,21415,买盘
11:10:09,53.53,-0.02,28,149896,卖盘
11:10:13,53.55,0.02,36,192732,买盘
11:10:16,53.55,0.0,33,176692,买盘
11:10:19,53.55,0.0,11,58895,买盘
11:10:21,53.53,-0.02,30,160628,卖盘
11:10:25,53.55,0.02,21,112438,买盘
11:10:27,53.55,0.0,20,107100,卖盘
11:10:30,53.54,-0.01,41,219528,卖盘
11:10:33,53.55,0.01,17,91017,买盘
11:10:36,53.54,-0.01,1,5354,买盘
11:10:40,53.53,-0.01,26,139183,卖盘
11:10:42,53.54,0.01,88,471166,买盘
11:10:46,53.54,0.0,36,192730,买盘
11:10:48,53.53,-0.01,34,182013,卖盘
11:10:51,53.53,0.0,270,1445313,卖盘
11:10:55,53.53,0.0,38,203406,买盘
11:10:57,53.52,-0.01,34,184757,卖盘
11:11:01,53.53,0.01,26,139178,买盘
11:11:04,53.53,0.0,73,390738,买盘
11:11:07,53.53,0.0,26,139852,买盘
11:11:09,53.52,-0.01,30,160571,卖盘
11:11:13,53.52,0.0,50,267609,卖盘
11:11:16,53.52,0.0,22,117754,卖盘
11:11:18,53.54,0.02,132,706701,买盘
11:11:22,53.54,0.0,24,128496,卖盘
11:11:24,53.54,0.0,30,160629,卖盘
11:11:27,53.54,0.0,18,96377,卖盘
11:11:31,53.55,0.01,9,48193,买盘
11:11:33,53.54,-0.01,156,835225,卖盘
11:11:37,53.55,0.01,13,69612,买盘
11:11:39,53.55,0.0,80,425032,买盘
11:11:43,53.54,-0.01,54,292441,卖盘
11:11:46,53.53,-0.01,37,198083,卖盘
11:11:49,53.53,0.0,38,203440,卖盘
11:11:52,53.53,0.0,28,149898,卖盘
11:11:54,53.55,0.02,27,144568,买盘
11:11:58,53.54,-0.01,10,53540,卖盘
11:12:01,53.55,0.01,35,184090,买盘
11:12:04,53.55,0.0,32,171360,卖盘
11:12:07,53.54,-0.01,123,658656,卖盘
11:12:10,53.55,0.01,26,139239,买盘
11:12:13,53.55,0.0,36,196772,卖盘
11:12:15,53.54,-0.01,39,208841,卖盘
11:12:19,53.55,0.01,3,16065,买盘
11:12:22,53.55,0.0,33,176718,买盘
11:12:25,53.55,0.0,6,32130,卖盘
11:12:27,53.54,-0.01,22,117800,卖盘
11:12:31,53.55,0.01,8,42839,买盘
11:12:34,53.55,0.0,71,380236,卖盘
11:12:36,53.54,-0.01,7,37479,卖盘
11:12:40,53.54,0.0,81,432983,卖盘
11:12:43,53.53,-0.01,48,256967,卖盘
11:12:45,53.54,0.01,20,107773,买盘
11:12:48,53.55,0.01,3,16063,买盘
11:12:51,53.54,-0.01,24,127806,卖盘
11:12:55,53.54,0.0,46,246257,买盘
11:12:58,53.55,0.01,20,107080,买盘
11:13:01,53.54,-0.01,22,117768,中性盘
11:13:04,53.54,0.0,87,465191,卖盘
11:13:07,53.55,0.01,283,1512999,买盘
11:13:10,53.55,0.0,15,80325,卖盘
11:13:13,53.55,0.0,70,374828,卖盘
11:13:15,53.54,-0.01,26,139204,卖盘
11:13:18,53.55,0.01,4,23454,买盘
11:13:22,53.54,-0.01,18,96372,卖盘
11:13:24,53.54,0.0,9,48619,卖盘
11:13:28,53.54,0.0,3,15634,买盘
11:13:30,53.54,0.0,31,163819,卖盘
11:13:33,53.54,0.0,28,149909,买盘
11:13:36,53.53,-0.01,11,58888,卖盘
11:13:39,53.54,0.01,40,217161,买盘
11:13:43,53.55,0.01,23,121590,买盘
11:13:45,53.54,-0.01,108,578132,卖盘
11:13:49,53.55,0.01,15,80317,买盘
11:13:51,53.54,-0.01,14,74956,卖盘
11:13:55,53.54,0.0,3,16062,卖盘
11:13:58,53.55,0.01,12,64253,买盘
11:14:01,53.54,-0.01,12,64246,卖盘
11:14:04,53.53,-0.01,116,622614,卖盘
11:14:07,53.53,0.0,6,32118,买盘
11:14:10,53.52,-0.01,33,176626,卖盘
11:14:13,53.53,0.01,37,198042,买盘
11:14:16,53.53,0.0,62,329557,买盘
11:14:19,53.54,0.01,68,364006,买盘
11:14:21,53.53,-0.01,18,96358,卖盘
11:14:25,53.53,0.0,10,53532,卖盘
11:14:28,53.53,0.0,1,5353,卖盘
11:14:30,53.54,0.01,18,96356,买盘
11:14:34,53.53,-0.01,33,176655,卖盘
11:14:37,53.53,0.0,12,64236,卖盘
11:14:40,53.53,0.0,40,216154,卖盘
11:14:43,53.54,0.01,23,123127,买盘
11:14:45,53.54,0.0,27,144545,买盘
11:14:48,53.54,0.0,26,139192,买盘
11:14:52,53.54,0.0,72,385436,买盘
11:14:55,53.54,0.0,9,48186,卖盘
11:14:58,53.54,0.0,9,48186,卖盘
11:15:00,53.54,0.0,23,123132,买盘
11:15:04,53.53,-0.01,59,315832,卖盘
11:15:07,53.53,0.0,16,85648,卖盘
11:15:09,53.53,0.0,70,373296,卖盘
11:15:12,53.53,0.0,34,181978,买盘
11:15:15,53.53,0.0,17,91002,卖盘
11:15:19,53.53,0.0,23,123119,卖盘
11:15:21,53.53,0.0,74,396176,卖盘
11:15:24,53.54,0.01,86,463233,买盘
11:15:27,53.53,-0.01,9,48177,买盘
11:15:31,53.54,0.01,29,155255,买盘
11:15:33,53.54,0.0,41,219494,买盘
11:15:37,53.54,0.0,21,112426,买盘
11:15:39,53.54,0.0,14,74946,买盘
11:15:42,53.54,0.0,55,294446,买盘
11:15:45,53.53,-0.01,27,144531,卖盘
11:15:49,53.53,0.0,23,123119,卖盘
11:15:51,53.54,0.01,55,294975,买盘
11:15:55,53.52,-0.02,37,194424,卖盘
11:15:57,53.54,0.02,83,444243,买盘
11:16:01,53.53,-0.01,17,91004,卖盘
11:16:04,53.53,0.0,23,123126,卖盘
11:16:07,53.53,0.0,60,321204,卖盘
11:16:10,53.53,0.0,28,149890,卖盘
11:16:13,53.54,0.01,20,107064,买盘
11:16:16,53.54,0.0,142,761680,买盘
11:16:18,53.53,-0.01,225,1205491,卖盘
11:16:21,53.53,0.0,33,176622,买盘
11:16:24,53.52,-0.01,15,80289,卖盘
11:16:27,53.53,0.01,31,165943,买盘
11:16:30,53.53,0.0,150,802804,买盘
11:16:33,53.52,-0.01,211,1129383,卖盘
11:16:36,53.53,0.01,41,219443,买盘
11:16:39,53.51,-0.02,49,260675,卖盘
11:16:42,53.52,0.01,114,610031,买盘
11:16:46,53.52,0.0,26,139147,卖盘
11:16:48,53.51,-0.01,38,203338,卖盘
11:16:51,53.51,0.0,19,101674,卖盘
11:16:55,53.52,0.01,51,272902,买盘
11:16:57,53.51,-0.01,18,96318,卖盘
11:17:00,53.51,0.0,30,161709,卖盘
11:17:04,53.52,0.01,177,947007,买盘
11:17:07,53.5,-0.02,4,21400,卖盘
11:17:10,53.5,0.0,23,123071,卖盘
11:17:13,53.52,0.02,18,96306,买盘
11:17:15,53.51,-0.01,13,69563,卖盘
11:17:18,53.51,0.0,13,69565,卖盘
11:17:21,53.51,0.0,35,187277,卖盘
11:17:25,53.51,0.0,24,128417,卖盘
11:17:27,53.5,-0.01,16,85605,卖盘
11:17:31,53.51,0.01,69,369202,买盘
11:17:33,53.51,0.0,78,417309,买盘
11:17:37,53.5,-0.01,103,551056,卖盘
11:17:40,53.51,0.01,95,508374,买盘
11:17:42,53.52,0.01,15,80266,买盘
11:17:45,53.5,-0.02,14,74905,卖盘
11:17:48,53.51,0.01,4,21403,买盘
11:17:51,53.52,0.01,40,214053,买盘
11:17:55,53.51,-0.01,44,235454,卖盘
11:17:57,53.5,-0.01,425,2275362,卖盘
11:18:01,53.5,0.0,35,185951,买盘
11:18:04,53.49,-0.01,17,90935,卖盘
11:18:07,53.5,0.01,32,171183,买盘
11:18:10,53.49,-0.01,238,1272910,卖盘
11:18:12,53.48,-0.01,103,551048,卖盘
11:18:16,53.48,0.0,42,224617,卖盘
11:18:18,53.48,0.0,37,194714,卖盘
11:18:22,53.5,0.02,131,700736,买盘
11:18:24,53.48,-0.02,20,106948,中性盘
11:18:27,53.47,-0.01,6,32085,卖盘
11:18:30,53.48,0.01,10,53480,卖盘
11:18:33,53.47,-0.01,14,74868,卖盘
11:18:36,53.48,0.01,168,901917,买盘
11:18:39,53.48,0.0,333,1779868,卖盘
11:18:42,53.47,-0.01,10,53470,卖盘
11:18:45,53.46,-0.01,14,74845,卖盘
11:18:48,53.47,0.01,30,160609,买盘
11:18:51,53.47,0.0,26,139006,买盘
11:18:54,53.46,-0.01,101,539996,卖盘
11:18:57,53.46,0.0,26,138996,卖盘
11:19:00,53.46,0.0,29,155194,卖盘
11:19:04,53.48,0.02,243,1299311,买盘
11:19:06,53.47,-0.01,38,203160,中性盘
11:19:10,53.45,-0.02,744,3976512,卖盘
11:19:12,53.5,0.05,440,2352628,买盘
11:19:16,53.46,-0.04,334,1784636,中性盘
11:19:19,53.45,-0.01,1,5345,买盘
11:19:21,53.46,0.01,14,74844,卖盘
11:19:24,53.46,0.0,9,44639,卖盘
11:19:27,53.47,0.01,12,64161,买盘
11:19:30,53.46,-0.01,42,224533,卖盘
11:19:33,53.47,0.01,22,117617,买盘
11:19:36,53.47,0.0,16,85544,买盘
11:19:39,53.46,-0.01,64,342148,卖盘
11:19:42,53.47,0.01,28,149691,买盘
11:19:45,53.46,-0.01,17,90885,卖盘
11:19:49,53.47,0.01,187,999638,买盘
11:19:51,53.46,-0.01,21,112276,卖盘
11:19:54,53.45,-0.01,83,448347,卖盘
11:19:58,53.46,0.01,23,122950,卖盘
11:20:00,53.45,-0.01,12,64147,卖盘
11:20:04,53.45,0.0,2,10690,卖盘
11:20:07,53.45,0.0,49,261908,卖盘
11:20:10,53.44,-0.01,106,565323,卖盘
11:20:12,53.45,0.01,73,390063,买盘
11:20:16,53.44,-0.01,31,165668,卖盘
11:20:18,53.44,0.0,21,112229,卖盘
11:20:21,53.44,0.0,31,165666,卖盘
11:20:24,53.43,-0.01,89,475540,卖盘
11:20:27,53.44,0.01,35,188778,中性盘
11:20:31,53.43,-0.01,45,240468,卖盘
11:20:33,53.43,0.0,50,265389,卖盘
11:20:37,53.44,0.01,16,87260,买盘
11:20:39,53.44,0.0,22,117580,卖盘
11:20:42,53.45,0.01,31,165666,买盘
11:20:45,53.44,-0.01,28,149627,卖盘
11:20:48,53.44,0.0,24,128245,买盘
11:20:51,53.43,-0.01,16,85489,卖盘
11:20:55,53.43,0.0,6,32058,卖盘
11:20:58,53.44,0.01,10,53436,买盘
11:21:00,53.43,-0.01,157,837090,卖盘
11:21:05,53.43,0.0,89,475502,买盘
11:21:07,53.42,-0.01,64,341931,卖盘
11:21:10,53.42,0.0,40,215240,卖盘
11:21:13,53.43,0.01,65,347276,买盘
11:21:16,53.42,-0.01,73,390014,卖盘
11:21:19,53.43,0.01,55,293817,买盘
11:21:21,53.43,0.0,81,428315,买盘
11:21:24,53.43,0.0,33,176294,买盘
11:21:27,53.43,0.0,22,117544,买盘
11:21:31,53.43,0.0,36,192327,买盘
11:21:33,53.42,-0.01,36,195004,卖盘
11:21:36,53.43,0.01,8,42740,中性盘
11:21:39,53.43,0.0,33,176302,买盘
11:21:42,53.44,0.01,43,229750,买盘
11:21:45,53.39,-0.05,2809,15003949,卖盘
11:21:48,53.42,0.03,45,240305,买盘
11:21:51,53.4,-0.02,19,101476,中性盘
11:21:54,53.4,0.0,19,101486,卖盘
11:21:57,53.39,-0.01,23,122825,卖盘
11:22:00,53.4,0.01,45,240295,卖盘
11:22:04,53.39,-0.01,34,181545,卖盘
11:22:06,53.4,0.01,404,2156889,买盘
11:22:09,53.38,-0.02,43,229583,卖盘
11:22:12,53.39,0.01,91,485766,买盘
11:22:16,53.38,-0.01,64,341625,卖盘
11:22:19,53.38,0.0,83,442988,买盘
11:22:21,53.38,0.0,46,245509,买盘
11:22:25,53.37,-0.01,44,234840,卖盘
11:22:27,53.38,0.01,101,538271,买盘
11:22:30,53.38,0.0,55,293544,买盘
11:22:33,53.37,-0.01,45,240135,卖盘
11:22:37,53.37,0.0,54,288171,买盘
11:22:39,53.37,0.0,202,1078025,卖盘
11:22:43,53.36,-0.01,107,570951,卖盘
11:22:45,53.36,0.0,26,138731,买盘
11:22:49,53.36,0.0,23,122760,买盘
11:22:51,53.35,-0.01,192,1024324,卖盘
11:22:54,53.35,0.0,15,80033,卖盘
11:22:57,53.36,0.01,19,101377,买盘
11:23:00,53.36,0.0,18,96033,买盘
11:23:04,53.33,-0.03,388,2069826,卖盘
11:23:07,53.36,0.03,76,401731,买盘
11:23:10,53.35,-0.01,24,131761,中性盘
11:23:12,53.36,0.01,37,193632,买盘
11:23:15,53.34,-0.02,28,149358,卖盘
11:23:18,53.36,0.02,20,106703,买盘
11:23:21,53.35,-0.01,16,85360,卖盘
11:23:24,53.36,0.01,315,1680022,买盘
11:23:27,53.35,-0.01,27,145747,卖盘
11:23:31,53.35,0.0,65,346819,卖盘
11:23:33,53.36,0.01,293,1562553,买盘
11:23:37,53.36,0.0,27,144078,买盘
11:23:39,53.36,0.0,15,80044,卖盘
11:23:43,53.36,0.0,31,165417,买盘
11:23:45,53.35,-0.01,70,373515,卖盘
11:23:49,53.37,0.02,24,128058,买盘
11:23:52,53.35,-0.02,28,149399,卖盘
11:23:55,53.35,0.0,57,304178,卖盘
11:23:57,53.39,0.04,8,42708,买盘
11:24:01,53.36,-0.03,66,352208,卖盘
11:24:05,53.38,0.02,15,80056,买盘
11:24:07,53.39,0.01,22,117423,买盘
11:24:09,53.36,-0.03,19,101397,卖盘
11:24:13,53.37,0.01,42,224146,中性盘
11:24:15,53.37,0.0,17,90730,买盘
11:24:18,53.39,0.02,26,138788,买盘
11:24:22,53.39,0.0,40,213568,卖盘
11:24:25,53.4,0.01,33,176209,买盘
11:24:27,53.39,-0.01,14,74757,卖盘
11:24:31,53.4,0.01,52,277675,买盘
11:24:33,53.4,0.0,59,315060,卖盘
11:24:36,53.41,0.01,30,158599,中性盘
11:24:39,53.42,0.01,8,42730,买盘
11:24:42,53.42,0.0,69,368526,买盘
11:24:46,53.42,0.0,22,121592,中性盘
11:24:49,53.43,0.01,2,10686,卖盘
11:24:52,53.43,0.0,15,80149,卖盘
11:24:55,53.44,0.01,55,292867,买盘
11:24:57,53.44,0.0,7,37408,卖盘
11:25:01,53.47,0.03,5,26727,买盘
11:25:04,53.44,-0.03,28,147292,卖盘
11:25:07,53.39,-0.05,218,1164451,卖盘
11:25:09,53.45,0.06,13,69485,卖盘
11:25:12,53.48,0.03,20,107977,买盘
11:25:15,53.46,-0.02,1,5346,中性盘
11:25:19,53.48,0.02,5,26734,买盘
11:25:22,53.46,-0.02,21,112268,卖盘
11:25:24,53.48,0.02,26,139877,买盘
11:25:28,53.46,-0.02,19,101579,买盘
11:25:30,53.46,0.0,81,432687,买盘
11:25:34,53.46,0.0,35,187262,卖盘
11:25:36,53.46,0.0,4,21384,卖盘
11:25:39,53.46,0.0,5,26730,卖盘
11:25:42,53.45,-0.01,26,138833,卖盘
11:25:45,53.45,0.0,8,42760,买盘
11:25:48,53.45,0.0,12,64134,买盘
11:25:51,53.45,0.0,30,160336,买盘
11:25:54,53.44,-0.01,12,65631,卖盘
11:25:58,53.45,0.01,14,74830,卖盘
11:26:01,53.44,-0.01,67,358083,卖盘
11:26:04,53.43,-0.01,5,26718,卖盘
11:26:06,53.43,0.0,15,80159,卖盘
11:26:09,53.43,0.0,33,176367,卖盘
11:26:13,53.46,0.03,5,26730,卖盘
11:26:15,53.46,0.0,3,16036,买盘
11:26:18,53.44,-0.02,3,16032,卖盘
11:26:22,53.45,0.01,5,26725,卖盘
11:26:25,53.46,0.01,55,294018,买盘
11:26:28,53.44,-0.02,26,138978,卖盘
11:26:30,53.44,0.0,9,48096,卖盘
11:26:33,53.45,0.01,19,96898,卖盘
11:26:36,53.45,0.0,7,37415,卖盘
11:26:40,53.46,0.01,14,74838,买盘
11:26:43,53.45,-0.01,64,342179,卖盘
11:26:45,53.47,0.02,1,5347,卖盘
11:26:49,53.45,-0.02,30,160402,卖盘
11:26:52,53.48,0.03,17,90874,买盘
11:26:55,53.47,-0.01,8,42779,中性盘
11:26:57,53.47,0.0,8,42776,买盘
11:27:00,53.47,0.0,7,37429,卖盘
11:27:04,53.47,0.0,26,139022,卖盘
11:27:07,53.47,0.0,8,45877,卖盘
11:27:10,53.47,0.0,14,76238,卖盘
11:27:12,53.46,-0.01,25,129175,买盘
11:27:15,53.47,0.01,23,122969,买盘
11:27:18,53.47,0.0,10,57957,买盘
11:27:22,53.47,0.0,14,74858,卖盘
11:27:25,53.48,0.01,16,85568,买盘
11:27:28,53.48,0.0,77,411796,买盘
11:27:30,53.48,0.0,1,5348,卖盘
11:27:33,53.49,0.01,21,112309,买盘
11:27:36,53.48,-0.01,20,106969,卖盘
11:27:40,53.48,0.0,14,74882,卖盘
11:27:42,53.48,0.0,32,171144,卖盘
11:27:45,53.49,0.01,1,5349,中性盘
11:27:49,53.5,0.01,20,106995,买盘
11:27:52,53.5,0.0,30,160486,买盘
11:27:54,53.5,0.0,5,22790,买盘
11:27:58,53.5,0.0,4,21402,卖盘
11:28:04,53.5,0.0,50,267466,卖盘
11:28:07,53.5,0.0,15,80250,卖盘
11:28:09,53.49,-0.01,10,53491,卖盘
11:28:12,53.49,0.0,42,226022,买盘
11:28:15,53.49,0.0,5,26745,买盘
11:28:18,53.49,0.0,15,80233,买盘
11:28:22,53.49,0.0,38,203253,买盘
11:28:25,53.49,0.0,17,90946,卖盘
11:28:27,53.49,0.0,4,21396,卖盘
11:28:30,53.5,0.01,58,310295,买盘
11:28:34,53.49,-0.01,16,85598,卖盘
11:28:37,53.5,0.01,1,5350,中性盘
11:28:39,53.5,0.0,5,26751,卖盘
11:28:42,53.55,0.05,160,856477,买盘
11:28:45,53.56,0.01,14,74971,买盘
11:28:48,53.55,-0.01,9,48195,卖盘
11:28:51,53.55,0.0,19,101747,卖盘
11:28:55,53.56,0.01,19,101763,买盘
11:28:58,53.55,-0.01,16,85691,卖盘
11:29:00,53.56,0.01,7,37486,买盘
11:29:04,53.55,-0.01,38,203490,卖盘
11:29:06,53.56,0.01,16,85695,买盘
11:29:09,53.56,0.0,46,246376,买盘
11:29:12,53.57,0.01,24,128545,买盘
11:29:16,53.56,-0.01,2,10712,卖盘
11:29:19,53.56,0.0,32,171422,卖盘
11:29:21,53.56,0.0,81,433842,卖盘
11:29:24,53.57,0.01,22,117854,买盘
11:29:27,53.57,0.0,23,123191,买盘
11:29:31,53.57,0.0,9,48209,买盘
11:29:33,53.57,0.0,36,192838,买盘
11:29:39,53.57,0.0,6,32144,卖盘
11:29:42,53.57,0.0,44,235711,卖盘
11:29:46,53.57,0.0,57,305357,卖盘
11:29:48,53.58,0.01,49,262516,买盘
11:29:52,53.58,0.0,44,235725,买盘
11:29:54,53.58,0.0,16,85728,卖盘
11:29:58,53.59,0.01,10,53590,买盘
11:30:00,53.58,-0.01,59,316160,卖盘
13:00:00,53.6,0.02,34,182222,买盘
13:00:04,53.6,0.0,834,4469682,买盘
13:00:06,53.64,0.04,183,979414,买盘
13:00:10,53.59,-0.05,153,824602,卖盘
13:00:12,53.59,0.0,49,260581,卖盘
13:00:15,53.59,0.0,109,583618,卖盘
13:00:18,53.63,0.04,5,26815,买盘
13:00:21,53.63,0.0,14,74705,卖盘
13:00:24,53.63,0.0,29,154732,买盘
13:00:27,53.61,-0.02,40,215563,卖盘
13:00:30,53.61,0.0,15,83590,卖盘
13:00:34,53.59,-0.02,34,181681,卖盘
13:00:36,53.6,0.01,6,32165,中性盘
13:00:39,53.59,-0.01,51,273314,卖盘
13:00:42,53.6,0.01,61,323702,买盘
13:00:46,53.6,0.0,13,69676,买盘
13:00:48,53.6,0.0,7,37518,买盘
13:00:51,53.6,0.0,51,274535,买盘
13:00:54,53.59,-0.01,8,42872,买盘
13:00:57,53.59,0.0,13,72176,买盘
13:01:00,53.57,-0.02,156,834534,卖盘
13:01:04,53.58,0.01,43,230402,中性盘
13:01:07,53.57,-0.01,60,317784,卖盘
13:01:10,53.58,0.01,71,380358,买盘
13:01:12,53.56,-0.02,60,322253,卖盘
13:01:15,53.56,0.0,160,856965,卖盘
13:01:19,53.56,0.0,65,348192,卖盘
13:01:21,53.55,-0.01,45,241126,卖盘
13:01:24,53.56,0.01,49,262396,中性盘
13:01:27,53.57,0.01,73,391073,买盘
13:01:31,53.56,-0.01,87,465900,卖盘
13:01:33,53.55,-0.01,47,252628,卖盘
13:01:37,53.55,0.0,35,187404,买盘
13:01:39,53.52,-0.03,44,235534,卖盘
13:01:42,53.52,0.0,13,72568,卖盘
13:01:46,53.52,0.0,6,32112,买盘
13:01:48,53.52,0.0,28,149829,买盘
13:01:52,53.51,-0.01,63,335138,买盘
13:01:54,53.5,-0.01,39,206413,卖盘
13:01:58,53.5,0.0,1,5350,卖盘
13:02:00,53.5,0.0,12,64200,卖盘
13:02:04,53.49,-0.01,178,954987,卖盘
13:02:07,53.5,0.01,1,5350,买盘
13:02:10,53.49,-0.01,12,64188,卖盘
13:02:13,53.49,0.0,76,406377,卖盘
13:02:16,53.48,-0.01,370,1979957,卖盘
13:02:18,53.47,-0.01,36,192516,卖盘
13:02:21,53.48,0.01,72,381566,买盘
13:02:24,53.47,-0.01,27,143727,卖盘
13:02:28,53.48,0.01,22,117649,买盘
13:02:30,53.48,0.0,31,165759,买盘
13:02:34,53.47,-0.01,62,335509,卖盘
13:02:37,53.46,-0.01,13,69496,买盘
13:02:39,53.45,-0.01,102,545272,卖盘
13:02:43,53.46,0.01,65,347465,中性盘
13:02:45,53.46,0.0,18,96232,卖盘
13:02:48,53.46,0.0,16,85536,卖盘
13:02:51,53.46,0.0,65,343003,卖盘
13:02:55,53.46,0.0,9,52605,买盘
13:02:57,53.47,0.01,2,10693,买盘
13:03:00,53.47,0.0,8,42770,买盘
13:03:04,53.46,-0.01,70,374222,卖盘
13:03:07,53.46,0.0,23,122975,卖盘
13:03:09,53.46,0.0,27,142636,卖盘
13:03:12,53.46,0.0,35,187083,卖盘
13:03:15,53.46,0.0,1,5346,买盘
13:03:18,53.45,-0.01,39,205696,中性盘
13:03:21,53.43,-0.02,106,566548,卖盘
13:03:25,53.46,0.03,10,53460,买盘
13:03:27,53.46,0.0,19,101569,买盘
13:03:30,53.44,-0.02,5,26722,卖盘
13:03:34,53.46,0.02,17,90850,买盘
13:03:37,53.44,-0.02,14,74822,卖盘
13:03:39,53.46,0.02,15,80186,买盘
13:03:42,53.44,-0.02,17,90861,卖盘
13:03:46,53.45,0.01,25,133637,卖盘
13:03:48,53.45,0.0,12,64140,卖盘
13:03:51,53.45,0.0,190,1015660,卖盘
13:03:54,53.45,0.0,2,10690,买盘
13:03:57,53.45,0.0,12,64140,买盘
13:04:00,53.45,0.0,7,37413,买盘
13:04:04,53.45,0.0,51,272554,买盘
13:04:07,53.45,0.0,7,37414,买盘
13:04:09,53.45,0.0,2,10690,买盘
13:04:13,53.44,-0.01,124,662568,卖盘
13:04:16,53.44,0.0,8,42752,买盘
13:04:18,53.43,-0.01,30,160306,卖盘
13:04:21,53.44,0.01,34,181669,买盘
13:04:24,53.44,0.0,15,80160,买盘
13:04:27,53.45,0.01,24,130951,买盘
13:04:30,53.44,-0.01,21,112234,卖盘
13:04:33,53.44,0.0,95,507683,卖盘
13:04:36,53.45,0.01,9,48103,买盘
13:04:39,53.45,0.0,15,80165,买盘
13:04:42,53.45,0.0,34,181700,买盘
13:04:45,53.45,0.0,43,229793,买盘
13:04:49,53.45,0.0,20,106895,买盘
13:04:52,53.45,0.0,48,256525,买盘
13:04:54,53.44,-0.01,81,432895,卖盘
13:04:57,53.44,0.0,73,387452,卖盘
13:05:01,53.44,0.0,30,160318,买盘
13:05:04,53.43,-0.01,149,798140,卖盘
13:05:07,53.43,0.0,28,149608,卖盘
13:05:10,53.44,0.01,14,74815,买盘
13:05:13,53.43,-0.01,256,1368413,卖盘
13:05:15,53.44,0.01,61,325925,买盘
13:05:18,53.42,-0.02,44,235090,卖盘
13:05:21,53.44,0.02,37,197725,买盘
13:05:24,53.44,0.0,2,10688,卖盘
13:05:27,53.45,0.01,88,470360,买盘
13:05:30,53.45,0.0,18,96229,卖盘
13:05:33,53.45,0.0,22,117591,卖盘
13:05:36,53.45,0.0,16,85524,卖盘
13:05:40,53.46,0.01,6,32076,买盘
13:05:42,53.46,0.0,82,438294,买盘
13:05:45,53.46,0.0,7,37422,买盘
13:05:48,53.46,0.0,77,411634,买盘
13:05:51,53.47,0.01,39,208504,买盘
13:05:55,53.46,-0.01,12,64152,卖盘
13:05:57,53.47,0.01,12,64164,买盘
13:06:00,53.46,-0.01,30,160393,卖盘
13:06:04,53.47,0.01,27,144350,买盘
13:06:06,53.47,0.0,85,454495,买盘
13:06:09,53.47,0.0,4,21388,买盘
13:06:12,53.47,0.0,43,229901,卖盘
13:06:15,53.47,0.0,13,69511,买盘
13:06:18,53.47,0.0,12,64166,卖盘
13:06:22,53.47,0.0,41,219277,卖盘
13:06:24,53.48,0.01,13,69519,买盘
13:06:27,53.49,0.01,12,64168,买盘
13:06:30,53.47,-0.02,28,149766,卖盘
13:06:33,53.48,0.01,31,165767,中性盘
13:06:36,53.49,0.01,44,235350,买盘
13:06:40,53.49,0.0,7,37443,买盘
13:06:42,53.49,0.0,38,203195,买盘
13:06:45,53.47,-0.02,37,197875,卖盘
13:06:48,53.49,0.02,75,401010,买盘
13:06:52,53.49,0.0,37,197843,买盘
13:06:54,53.49,0.0,12,64188,买盘
13:06:58,53.49,0.0,83,443919,买盘
13:07:00,53.49,0.0,8,42786,买盘
13:07:04,53.47,-0.02,28,149733,卖盘
13:07:06,53.49,0.02,4,21395,买盘
13:07:09,53.49,0.0,5,26738,买盘
13:07:12,53.49,0.0,49,262060,买盘
13:07:15,53.48,-0.01,3,16044,买盘
13:07:19,53.47,-0.01,12,64164,卖盘
13:07:22,53.47,0.0,42,221742,卖盘
13:07:24,53.48,0.01,42,224609,买盘
13:07:27,53.47,-0.01,2,10694,卖盘
13:07:31,53.48,0.01,150,805081,买盘
13:07:34,53.48,0.0,39,205739,卖盘
13:07:36,53.48,0.0,2,10697,卖盘
13:07:39,53.47,-0.01,56,302325,卖盘
13:07:42,53.47,0.0,109,582809,买盘
13:07:45,53.47,0.0,49,262002,买盘
13:07:48,53.47,0.0,63,334022,买盘
13:07:51,53.48,0.01,45,240628,买盘
13:07:55,53.47,-0.01,119,640472,卖盘
13:07:57,53.48,0.01,10,54010,买盘
13:08:00,53.47,-0.01,5,26737,卖盘
13:08:04,53.47,0.0,82,438490,卖盘
13:08:07,53.48,0.01,103,550842,买盘
13:08:09,53.48,0.0,39,208572,买盘
13:08:12,53.5,0.02,93,497404,买盘
13:08:16,53.5,0.0,4,21400,买盘
13:08:19,53.49,-0.01,30,160496,卖盘
13:08:22,53.49,0.0,27,144434,卖盘
13:08:24,53.49,0.0,2,10698,买盘
13:08:31,53.5,0.01,17,90978,卖盘
13:08:33,53.49,-0.01,16,85598,卖盘
13:08:36,53.49,0.0,9,48142,卖盘
13:08:39,53.5,0.01,7,36429,买盘
13:08:42,53.5,0.0,169,904113,买盘
13:08:46,53.5,0.0,97,518950,卖盘
13:08:48,53.5,0.0,1,5350,卖盘
13:08:51,53.5,0.0,27,144460,卖盘
13:08:54,53.5,0.0,40,215006,卖盘
13:08:58,53.5,0.0,16,85583,买盘
13:09:00,53.5,0.0,35,186232,买盘
13:09:04,53.5,0.0,76,407600,买盘
13:09:07,53.49,-0.01,16,85585,卖盘
13:09:10,53.5,0.01,5,25248,买盘
13:09:12,53.47,-0.03,135,721993,卖盘
13:09:16,53.49,0.02,10,53480,买盘
13:09:18,53.49,0.0,6,32092,买盘
13:09:22,53.48,-0.01,24,128352,中性盘
13:09:24,53.49,0.01,11,58835,买盘
13:09:28,53.49,0.0,10,53490,买盘
13:09:30,53.48,-0.01,34,181793,卖盘
13:09:33,53.48,0.0,26,139052,卖盘
13:09:36,53.48,0.0,37,197903,卖盘
13:09:39,53.49,0.01,20,106965,买盘
13:09:43,53.48,-0.01,57,304409,卖盘
13:09:46,53.49,0.01,19,101629,买盘
13:09:48,53.48,-0.01,2,10697,卖盘
13:09:51,53.48,0.0,36,192538,卖盘
13:09:55,53.49,0.01,41,218590,买盘
13:09:57,53.48,-0.01,3,17221,卖盘
13:10:00,53.47,-0.01,3,16042,卖盘
13:10:04,53.47,0.0,21,112291,卖盘
13:10:07,53.48,0.01,10,53475,买盘
13:10:10,53.47,-0.01,20,106945,卖盘
13:10:12,53.47,0.0,165,881881,卖盘
13:10:15,53.47,0.0,5,26731,买盘
13:10:18,53.47,0.0,33,176438,买盘
13:10:22,53.47,0.0,45,240950,买盘
13:10:25,53.46,-0.01,5,26733,卖盘
13:10:27,53.47,0.01,30,160392,买盘
13:10:30,53.46,-0.01,42,224875,卖盘
13:10:34,53.46,0.0,46,245928,卖盘
13:10:36,53.47,0.01,16,85547,买盘
13:10:39,53.47,0.0,36,192466,买盘
13:10:42,53.46,-0.01,33,176421,卖盘
13:10:46,53.47,0.01,48,256630,买盘
13:10:49,53.47,0.0,26,139022,买盘
13:10:51,53.46,-0.01,33,175730,卖盘
13:10:55,53.46,0.0,6,32076,买盘
13:10:57,53.45,-0.01,3,16035,卖盘
13:11:00,53.46,0.01,16,84346,买盘
13:11:04,53.46,0.0,179,956779,买盘
13:11:06,53.46,0.0,14,74838,买盘
13:11:12,53.45,-0.01,19,101557,卖盘
13:11:16,53.45,0.0,78,416911,卖盘
13:11:19,53.45,0.0,26,141375,卖盘
13:11:21,53.45,0.0,73,390187,卖盘
13:11:25,53.45,0.0,167,892618,卖盘
13:11:28,53.46,0.01,107,571921,买盘
13:11:31,53.46,0.0,34,181163,买盘
13:11:33,53.45,-0.01,34,181731,卖盘
13:11:37,53.46,0.01,31,165701,买盘
13:11:39,53.45,-0.01,161,860106,卖盘
13:11:43,53.45,0.0,119,635722,买盘
13:11:45,53.42,-0.03,46,245732,卖盘
13:11:48,53.42,0.0,110,587627,卖盘
13:11:51,53.44,0.02,33,177904,买盘
13:11:54,53.42,-0.02,20,106841,中性盘
13:11:57,53.42,0.0,34,181613,买盘
13:12:00,53.42,0.0,48,255812,买盘
13:12:04,53.42,0.0,54,288437,买盘
13:12:07,53.42,0.0,34,181607,买盘
13:12:09,53.42,0.0,13,69446,买盘
13:12:13,53.41,-0.01,71,379236,卖盘
13:12:16,53.42,0.01,32,170918,买盘
13:12:18,53.42,0.0,34,181604,买盘
13:12:21,53.42,0.0,190,1013747,买盘
13:12:25,53.41,-0.01,34,181595,中性盘
13:12:27,53.41,0.0,11,58753,卖盘
13:12:31,53.42,0.01,53,280171,买盘
13:12:33,53.42,0.0,48,260496,买盘
13:12:36,53.41,-0.01,18,96247,卖盘
13:12:39,53.41,0.0,37,196337,卖盘
13:12:42,53.41,0.0,37,197595,买盘
13:12:45,53.41,0.0,25,133513,买盘
13:12:49,53.41,0.0,65,347689,买盘
13:12:52,53.41,0.0,38,202926,买盘
13:12:55,53.41,0.0,14,74767,买盘
13:12:57,53.41,0.0,4,21364,买盘
13:13:01,53.41,0.0,94,501983,买盘
13:13:04,53.4,-0.01,75,400551,卖盘
13:13:06,53.41,0.01,195,1039867,买盘
13:13:09,53.42,0.01,61,325860,买盘
13:13:13,53.42,0.0,41,219001,买盘
13:13:16,53.41,-0.01,38,202970,卖盘
13:13:18,53.45,0.04,48,256419,买盘
13:13:21,53.41,-0.04,176,940668,卖盘
13:13:24,53.41,0.0,40,213006,买盘
13:13:28,53.45,0.04,20,106852,买盘
13:13:31,53.42,-0.03,79,422001,卖盘
13:13:33,53.42,0.0,41,219022,买盘
13:13:37,53.42,0.0,126,673109,卖盘
13:13:39,53.44,0.02,22,117568,买盘
13:13:43,53.43,-0.01,52,277899,卖盘
13:13:45,53.44,0.01,44,235153,中性盘
13:13:48,53.44,0.0,18,96206,卖盘
13:13:51,53.45,0.01,39,208437,买盘
13:13:54,53.45,0.0,32,171016,买盘
13:13:58,53.44,-0.01,20,106898,中性盘
13:14:00,53.44,0.0,11,58786,买盘
13:14:04,53.43,-0.01,106,566394,卖盘
13:14:06,53.43,0.0,49,261881,卖盘
13:14:09,53.45,0.02,44,235180,买盘
13:14:12,53.44,-0.01,29,155149,卖盘
13:14:16,53.44,0.0,61,326004,卖盘
13:14:19,53.45,0.01,24,128299,中性盘
13:14:22,53.45,0.0,28,149667,卖盘
13:14:24,53.46,0.01,14,74843,买盘
13:14:27,53.45,-0.01,28,149665,卖盘
13:14:30,53.46,0.01,31,165726,买盘
13:14:34,53.45,-0.01,32,171042,卖盘
13:14:36,53.46,0.01,3,16039,中性盘
13:14:40,53.45,-0.01,20,106907,卖盘
13:14:43,53.45,0.0,16,85521,卖盘
13:14:46,53.45,0.0,27,144352,卖盘
13:14:48,53.45,0.0,39,208455,卖盘
13:14:52,53.45,0.0,26,138974,卖盘
13:14:55,53.47,0.02,2,10694,买盘
13:14:57,53.49,0.02,477,2549903,买盘
13:15:00,53.49,0.0,5,26745,卖盘
13:15:05,53.5,0.01,32,171175,买盘
13:15:07,53.5,0.0,85,454420,买盘
13:15:10,53.5,0.0,25,133750,买盘
13:15:13,53.47,-0.03,15,80219,卖盘
13:15:15,53.47,0.0,5,26733,买盘
13:15:19,53.47,0.0,20,106940,买盘
13:15:21,53.46,-0.01,6,32077,卖盘
13:15:25,53.45,-0.01,23,122957,卖盘
13:15:27,53.47,0.02,26,139006,买盘
13:15:31,53.49,0.02,11,58819,买盘
13:15:33,53.46,-0.03,19,101627,卖盘
13:15:37,53.46,0.0,48,256673,卖盘
13:15:40,53.49,0.03,40,213858,买盘
13:15:43,53.49,0.0,34,181830,买盘
13:15:46,53.49,0.0,95,508115,买盘
13:15:49,53.47,-0.02,1,5347,卖盘
13:15:51,53.47,0.0,53,283421,卖盘
13:15:55,53.49,0.02,31,165819,买盘
13:15:57,53.47,-0.02,32,171161,卖盘
13:16:01,53.47,0.0,28,149750,卖盘
13:16:05,53.47,0.0,54,288775,卖盘
13:16:07,53.47,0.0,30,160445,卖盘
13:16:10,53.49,0.02,2,10698,买盘
13:16:12,53.49,0.0,51,271909,买盘
13:16:16,53.47,-0.02,74,395810,卖盘
13:16:18,53.49,0.02,3,16045,买盘
13:16:21,53.47,-0.02,78,417090,卖盘
13:16:27,53.48,0.01,18,96275,卖盘
13:16:30,53.49,0.01,9,48141,买盘
13:16:33,53.48,-0.01,49,262071,卖盘
13:16:37,53.49,0.01,25,133734,买盘
13:16:40,53.49,0.0,40,213933,买盘
13:16:43,53.48,-0.01,36,192547,卖盘
13:16:45,53.47,-0.01,71,379693,卖盘
13:16:48,53.48,0.01,41,219287,买盘
13:16:51,53.48,0.0,36,192543,卖盘
13:16:55,53.49,0.01,41,219296,买盘
13:16:58,53.49,0.0,26,139074,买盘
13:17:00,53.48,-0.01,178,952075,卖盘
13:17:04,53.47,-0.01,83,443892,卖盘
13:17:07,53.47,0.0,38,203214,卖盘
13:17:10,53.48,0.01,10,53480,买盘
13:17:13,53.49,0.01,32,171145,买盘
13:17:15,53.49,0.0,23,123024,买盘
13:17:18,53.49,0.0,4,21396,买盘
13:17:21,53.49,0.0,21,112331,卖盘
13:17:25,53.49,0.0,44,235326,买盘
13:17:28,53.49,0.0,15,80235,买盘
13:17:31,53.49,0.0,2,10698,买盘
13:17:33,53.5,0.01,51,272832,买盘
13:17:37,53.49,-0.01,33,176533,卖盘
13:17:39,53.5,0.01,46,246074,买盘
13:17:43,53.49,-0.01,53,283512,卖盘
13:17:46,53.49,0.0,45,240706,买盘
13:17:49,53.49,0.0,41,219309,买盘
13:17:52,53.49,0.0,27,144419,买盘
13:17:54,53.5,0.01,11,58848,买盘
13:17:58,53.5,0.0,42,224693,买盘
13:18:00,53.5,0.0,38,203300,买盘
13:18:04,53.51,0.01,57,304936,买盘
13:18:07,53.5,-0.01,30,160517,卖盘
13:18:10,53.5,0.0,20,107009,卖盘
13:18:12,53.5,0.0,60,325475,卖盘
13:18:16,53.49,-0.01,62,331720,卖盘
13:18:18,53.51,0.02,32,171222,买盘
13:18:22,53.5,-0.01,43,230060,卖盘
13:18:24,53.51,0.01,32,171221,买盘
13:18:27,53.51,0.0,27,144477,买盘
13:18:30,53.51,0.0,39,203969,买盘
13:18:33,53.5,-0.01,90,481592,卖盘
13:18:36,53.5,0.0,47,251480,卖盘
13:18:39,53.5,0.0,45,240769,卖盘
13:18:42,53.51,0.01,41,219407,中性盘
13:18:46,53.53,0.02,13,69587,买盘
13:18:49,53.52,-0.01,4,21411,中性盘
13:18:52,53.52,0.0,52,278286,买盘
13:18:55,53.52,0.0,22,117742,买盘
13:18:57,53.52,0.0,59,315767,买盘
13:19:00,53.52,0.0,23,123109,卖盘
13:19:04,53.52,0.0,21,112387,买盘
13:19:06,53.52,0.0,15,80273,买盘
13:19:09,53.51,-0.01,26,139142,卖盘
13:19:13,53.51,0.0,56,299667,卖盘
13:19:15,53.5,-0.01,58,310332,卖盘
13:19:19,53.52,0.02,34,181964,买盘
13:19:21,53.52,0.0,36,192683,卖盘
13:19:24,53.51,-0.01,31,165892,卖盘
13:19:27,53.52,0.01,121,647554,买盘
13:19:31,53.52,0.0,40,214080,买盘
13:19:33,53.51,-0.01,57,305042,卖盘
13:19:36,53.52,0.01,21,112388,买盘
13:19:40,53.51,-0.01,27,144483,卖盘
13:19:42,53.53,0.02,55,294376,买盘
13:19:46,53.52,-0.01,104,556727,卖盘
13:19:48,53.56,0.04,31,166035,买盘
13:19:52,53.58,0.02,34,182058,买盘
13:19:54,53.52,-0.06,15,80345,中性盘
13:19:57,53.52,0.0,50,267842,卖盘
13:20:00,53.58,0.06,16,85728,买盘
13:20:05,53.58,0.0,20,107069,买盘
13:20:07,53.58,0.0,14,74998,买盘
13:20:10,53.55,-0.03,30,165834,卖盘
13:20:13,53.56,0.01,15,80360,卖盘
13:20:16,53.56,0.0,9,48204,买盘
13:20:18,53.55,-0.01,25,130611,卖盘
13:20:21,53.56,0.01,29,155305,买盘
13:20:25,53.55,-0.01,25,133884,卖盘
13:20:28,53.56,0.01,51,273133,买盘
13:20:30,53.58,0.02,23,123194,买盘
13:20:33,53.55,-0.03,36,192832,卖盘
13:20:37,53.55,0.0,51,273132,卖盘
13:20:39,53.55,0.0,46,246355,卖盘
13:20:43,53.55,0.0,51,273144,卖盘
13:20:45,53.57,0.02,113,605272,买盘
13:20:48,53.58,0.01,121,648372,买盘
13:20:52,53.6,0.02,41,219752,买盘
13:20:55,53.58,-0.02,17,91086,买盘
13:20:57,53.58,0.0,12,64296,买盘
13:21:01,53.58,0.0,26,139312,卖盘
13:21:04,53.57,-0.01,20,107159,卖盘
13:21:06,53.59,0.02,22,117888,买盘
13:21:09,53.58,-0.01,13,69654,买盘
13:21:12,53.57,-0.01,42,225021,卖盘
13:21:16,53.6,0.03,27,144668,买盘
13:21:19,53.59,-0.01,15,80385,卖盘
13:21:21,53.57,-0.02,56,300063,卖盘
13:21:24,53.58,0.01,49,262574,买盘
13:21:27,53.58,0.0,16,85758,卖盘
13:21:31,53.58,0.0,10,53590,卖盘
13:21:33,53.59,0.01,58,310818,买盘
13:21:36,53.58,-0.01,31,166122,卖盘
13:21:40,53.59,0.01,46,246478,买盘
13:21:42,53.58,-0.01,53,284000,卖盘
13:21:46,53.59,0.01,18,96462,买盘
13:21:48,53.59,0.0,108,579955,买盘
13:21:51,53.6,0.01,179,959305,买盘
13:21:54,53.59,-0.01,63,337670,卖盘
13:21:57,53.6,0.01,221,1182936,买盘
13:22:01,53.58,-0.02,71,380536,卖盘
13:22:05,53.59,0.01,42,225089,卖盘
13:22:07,53.59,0.0,19,101828,卖盘
13:22:10,53.58,-0.01,55,294701,卖盘
13:22:12,53.57,-0.01,26,139300,卖盘
13:22:16,53.58,0.01,30,160723,买盘
13:22:18,53.6,0.02,20,107164,买盘
13:22:21,53.59,-0.01,20,107186,卖盘
13:22:24,53.6,0.01,7,37520,卖盘
13:22:27,53.61,0.01,22,117930,买盘
13:22:30,53.6,-0.01,3,16080,买盘
13:22:33,53.6,0.0,36,192940,买盘
13:22:36,53.59,-0.01,53,284069,卖盘
13:22:39,53.58,-0.01,67,359076,卖盘
13:22:42,53.6,0.02,21,112520,买盘
13:22:46,53.58,-0.02,14,75030,中性盘
13:22:49,53.58,0.0,12,67304,卖盘
13:22:51,53.58,0.0,22,117884,卖盘
13:22:55,53.58,0.0,19,98808,卖盘
13:22:57,53.58,0.0,17,91077,买盘
13:23:00,53.55,-0.03,228,1221088,卖盘
13:23:04,53.54,-0.01,91,487278,卖盘
13:23:07,53.53,-0.01,24,128483,卖盘
13:23:10,53.52,-0.01,21,115614,卖盘
13:23:12,53.52,0.0,32,171264,卖盘
13:23:15,53.52,0.0,35,184116,卖盘
13:23:18,53.52,0.0,39,211028,卖盘
13:23:21,53.52,0.0,29,155189,买盘
13:23:25,53.52,0.0,17,90971,买盘
13:23:27,53.52,0.0,4,21408,买盘
13:23:30,53.52,0.0,21,112382,买盘
13:23:34,53.51,-0.01,65,347821,卖盘
13:23:37,53.52,0.01,24,128440,买盘
13:23:39,53.51,-0.01,57,305008,卖盘
13:23:42,53.51,0.0,133,711329,卖盘
13:23:46,53.5,-0.01,148,791800,卖盘
13:23:49,53.49,-0.01,60,320978,卖盘
13:23:51,53.48,-0.01,44,233327,卖盘
13:23:55,53.51,0.03,1,5351,买盘
13:23:58,53.49,-0.02,18,94703,卖盘
13:24:01,53.49,0.0,21,113955,卖盘
13:24:04,53.49,0.0,32,171357,买盘
13:24:07,53.49,0.0,16,85571,买盘
13:24:09,53.49,0.0,171,912955,买盘
13:24:12,53.49,0.0,30,160472,卖盘
13:24:15,53.49,0.0,3,16047,卖盘
13:24:19,53.49,0.0,10,53496,卖盘
13:24:22,53.49,0.0,35,188820,卖盘
13:24:25,53.48,-0.01,40,215043,卖盘
13:24:27,53.48,0.0,63,337026,卖盘
13:24:31,53.48,0.0,30,160569,卖盘
13:24:34,53.49,0.01,44,235328,买盘
13:24:37,53.48,-0.01,39,207204,卖盘
13:24:39,53.48,0.0,24,128364,买盘
13:24:43,53.48,0.0,97,518715,买盘
13:24:45,53.47,-0.01,44,235311,卖盘
13:24:48,53.48,0.01,123,656218,买盘
13:24:51,53.47,-0.01,124,663055,卖盘
13:24:54,53.46,-0.01,83,443788,卖盘
13:24:57,53.48,0.02,10,53480,买盘
13:25:00,53.5,0.02,3,16050,买盘
13:25:04,53.48,-0.02,18,96274,卖盘
13:25:07,53.49,0.01,14,74882,中性盘
13:25:09,53.49,0.0,4,21396,买盘
13:25:12,53.49,0.0,35,187201,买盘
13:25:15,53.49,0.0,13,69537,买盘
13:25:18,53.48,-0.01,7,37442,卖盘
13:25:22,53.48,0.0,37,197878,卖盘
13:25:25,53.48,0.0,25,133699,买盘
13:25:28,53.48,0.0,39,208572,买盘
13:25:30,53.48,0.0,30,160439,买盘
13:25:33,53.48,0.0,39,208554,买盘
13:25:36,53.48,0.0,40,213917,买盘
13:25:39,53.47,-0.01,32,171140,卖盘
13:25:42,53.48,0.01,25,133710,卖盘
13:25:46,53.49,0.01,69,369025,买盘
13:25:49,53.49,0.0,28,149772,买盘
13:25:51,53.49,0.0,43,229986,买盘
13:25:55,53.49,0.0,17,90933,买盘
13:25:58,53.48,-0.01,48,256710,卖盘
13:26:00,53.48,0.0,38,203249,卖盘
13:26:05,53.47,-0.01,18,96262,卖盘
13:26:07,53.48,0.01,29,155079,买盘
13:26:10,53.49,0.01,78,417173,买盘
13:26:12,53.5,0.01,23,123050,买盘
13:26:16,53.5,0.0,10,53495,买盘
13:26:18,53.5,0.0,3,16048,买盘
13:26:22,53.5,0.0,23,123012,买盘
13:26:24,53.5,0.0,14,74893,买盘
13:26:28,53.5,0.0,4,21400,买盘
13:26:30,53.5,0.0,5,26750,买盘
13:26:33,53.49,-0.01,46,245674,卖盘
13:26:37,53.5,0.01,69,369099,买盘
13:26:40,53.49,-0.01,65,347712,卖盘
13:26:42,53.49,0.0,125,668545,买盘
13:26:45,53.49,0.0,47,251403,买盘
13:26:48,53.48,-0.01,126,673890,卖盘
13:26:51,53.47,-0.01,79,422496,卖盘
13:26:54,53.47,0.0,46,246013,卖盘
13:26:57,53.48,0.01,4,21392,买盘
13:27:00,53.48,0.0,2,10698,卖盘
13:27:04,53.48,0.0,20,106962,卖盘
13:27:06,53.48,0.0,25,133706,卖盘
13:27:09,53.47,-0.01,25,133686,卖盘
13:27:13,53.47,0.0,56,299486,卖盘
13:27:16,53.48,0.01,26,139047,买盘
13:27:18,53.47,-0.01,19,101605,卖盘
13:27:21,53.46,-0.01,163,871533,卖盘
13:27:24,53.47,0.01,46,245962,买盘
13:27:28,53.47,0.0,21,112291,卖盘
13:27:31,53.47,0.0,7,37435,卖盘
13:27:33,53.47,0.0,10,53468,买盘
13:27:37,53.47,0.0,21,112282,买盘
13:27:40,53.46,-0.01,37,197818,卖盘
13:27:42,53.47,0.01,107,572034,买盘
13:27:45,53.46,-0.01,59,315462,卖盘
13:27:48,53.47,0.01,23,122981,买盘
13:27:51,53.47,0.0,35,187126,买盘
13:27:54,53.47,0.0,14,74858,买盘
13:27:58,53.47,0.0,33,176451,买盘
13:28:00,53.47,0.0,19,101592,买盘
13:28:04,53.46,-0.01,37,197816,卖盘
13:28:07,53.47,0.01,57,304773,买盘
13:28:10,53.46,-0.01,41,219243,卖盘
13:28:13,53.47,0.01,37,197817,买盘
13:28:15,53.47,0.0,34,181798,买盘
13:28:19,53.47,0.0,25,133666,买盘
13:28:21,53.46,-0.01,28,149696,卖盘
13:28:25,53.47,0.01,118,630946,买盘
13:28:28,53.47,0.0,79,422449,卖盘
13:28:30,53.47,0.0,46,245985,卖盘
13:28:33,53.47,0.0,36,192510,卖盘
13:28:37,53.47,0.0,82,438487,卖盘
13:28:40,53.48,0.01,70,374316,买盘
13:28:43,53.47,-0.01,54,288784,卖盘
13:28:45,53.47,0.0,66,352941,卖盘
13:28:49,53.47,0.0,48,256712,卖盘
13:28:52,53.47,0.0,90,481305,卖盘
13:28:54,53.48,0.01,120,645279,买盘
13:28:58,53.48,0.0,22,117656,买盘
13:29:00,53.51,0.03,4,21402,买盘
13:29:04,53.48,-0.03,27,144414,卖盘
13:29:06,53.5,0.02,16,85601,中性盘
13:29:09,53.51,0.01,8,42805,买盘
13:29:12,53.48,-0.03,16,85574,卖盘
13:29:16,53.5,0.02,6,32105,卖盘
13:29:19,53.5,0.0,19,101653,卖盘
13:29:22,53.49,-0.01,41,219346,卖盘
13:29:25,53.5,0.01,74,392632,买盘
13:29:27,53.5,0.0,37,197950,买盘
13:29:31,53.49,-0.01,15,80246,卖盘
13:29:33,53.49,0.0,14,74884,买盘
13:29:36,53.49,0.0,30,160460,买盘
13:29:39,53.49,0.0,49,262063,买盘
13:29:43,53.49,0.0,51,272784,买盘
13:29:45,53.49,0.0,38,203262,买盘
13:29:49,53.49,0.0,22,117678,买盘
13:29:52,53.49,0.0,59,315557,买盘
13:29:55,53.49,0.0,89,476003,买盘
13:29:57,53.49,0.0,38,203262,买盘
13:30:01,53.5,0.01,197,1053796,买盘
13:30:05,53.51,0.01,65,347811,买盘
13:30:07,53.5,-0.01,157,839987,卖盘
13:30:10,53.55,0.05,20,107100,买盘
13:30:12,53.55,0.0,22,117828,卖盘
13:30:15,53.58,0.03,21,112511,买盘
13:30:18,53.58,0.0,10,53572,买盘
13:30:22,53.56,-0.02,31,166018,中性盘
13:30:24,53.52,-0.04,69,369579,卖盘
13:30:28,53.52,0.0,24,128548,卖盘
13:30:30,53.56,0.04,9,48204,买盘
13:30:34,53.52,-0.04,15,80091,卖盘
13:30:37,53.52,0.0,8,42837,卖盘
13:30:39,53.52,0.0,29,155438,卖盘
13:30:42,53.53,0.01,126,674144,买盘
13:30:46,53.52,-0.01,45,240842,买盘
13:30:49,53.51,-0.01,51,272939,卖盘
13:30:51,53.51,0.0,46,246320,卖盘
13:30:55,53.5,-0.01,18,96315,卖盘
13:30:58,53.5,0.0,15,80255,卖盘
13:31:00,53.5,0.0,9,48155,卖盘
13:31:04,53.5,0.0,24,128406,卖盘
13:31:06,53.5,0.0,12,64207,卖盘
13:31:10,53.51,0.01,38,203309,买盘
13:31:12,53.5,-0.01,54,288939,卖盘
13:31:16,53.51,0.01,33,176082,买盘
13:31:19,53.49,-0.02,32,171180,卖盘
13:31:21,53.48,-0.01,109,583033,卖盘
13:31:24,53.5,0.02,20,106986,买盘
13:31:27,53.5,0.0,7,37450,买盘
13:31:30,53.5,0.0,12,64190,买盘
13:31:33,53.5,0.0,43,230031,买盘
13:31:36,53.49,-0.01,48,256767,卖盘
13:31:40,53.5,0.01,84,449362,买盘
13:31:43,53.48,-0.02,84,449328,卖盘
13:31:45,53.49,0.01,35,188440,买盘
13:31:48,53.48,-0.01,27,144407,卖盘
13:31:52,53.49,0.01,56,299513,买盘
13:31:54,53.49,0.0,53,283480,买盘
13:31:57,53.49,0.0,26,139069,买盘
13:32:00,53.48,-0.01,38,203232,卖盘
13:32:05,53.49,0.01,104,556209,买盘
13:32:07,53.48,-0.01,59,318082,卖盘
13:32:10,53.48,0.0,34,181852,卖盘
13:32:12,53.48,0.0,129,689907,卖盘
13:32:15,53.49,0.01,40,213960,买盘
13:32:19,53.49,0.0,14,74898,卖盘
13:32:22,53.49,0.0,18,96284,卖盘
13:32:24,53.49,0.0,25,133725,买盘
13:32:28,53.49,0.0,19,101638,卖盘
