time,price,change,volume,amount,type
09:25:00,53.36,-0.17,659,3516424,卖盘
09:30:00,53.35,-0.01,14,74699,卖盘
09:30:04,53.33,-0.02,740,3947694,卖盘
09:30:07,53.38,0.05,471,2515420,买盘
09:30:10,53.37,-0.01,273,1457134,卖盘
09:30:13,53.35,-0.02,401,2139855,卖盘
09:30:16,53.4,0.05,137,731320,买盘
09:30:19,53.37,-0.03,40,213576,卖盘
09:30:21,53.39,0.02,39,208252,中性盘
09:30:24,53.39,0.0,24,128162,卖盘
09:30:28,53.4,0.01,30,160223,卖盘
09:30:31,53.39,-0.01,36,192332,卖盘
09:30:34,53.39,0.0,9,48057,卖盘
09:30:37,53.4,0.01,23,122878,卖盘
09:30:39,53.4,0.0,79,422058,卖盘
09:30:43,53.39,-0.01,73,389958,卖盘
09:30:46,53.39,0.0,41,218920,卖盘
09:30:49,53.39,0.0,19,101449,卖盘
09:30:52,53.37,-0.02,133,709963,卖盘
09:30:54,53.39,0.02,47,250929,买盘
09:30:58,53.36,-0.03,88,469616,卖盘
09:31:01,53.35,-0.01,78,416204,卖盘
09:31:04,53.35,0.0,250,1331488,卖盘
09:31:07,53.35,0.0,75,400088,买盘
09:31:10,53.33,-0.02,57,304017,卖盘
09:31:12,53.33,0.0,59,314715,卖盘
09:31:16,53.33,0.0,85,453249,买盘
09:31:18,53.32,-0.01,64,341262,卖盘
09:31:22,53.32,0.0,161,858297,买盘
09:31:24,53.31,-0.01,63,335851,中性盘
09:31:27,53.3,-0.01,331,1764281,卖盘
09:31:30,53.3,0.0,109,580943,买盘
09:31:33,53.3,0.0,36,191862,买盘
09:31:36,53.28,-0.02,33,175829,卖盘
09:31:40,53.27,-0.01,49,261003,卖盘
09:31:42,53.26,-0.01,15,79903,中性盘
09:31:45,53.25,-0.01,49,260932,卖盘
09:31:49,53.24,-0.01,68,362075,卖盘
09:31:52,53.23,-0.01,125,665502,卖盘
09:31:55,53.23,0.0,115,612193,卖盘
09:31:58,53.23,0.0,33,175669,卖盘
09:32:00,53.23,0.0,91,484365,卖盘
09:32:04,53.23,0.0,45,239531,买盘
09:32:07,53.21,-0.02,300,1596574,卖盘
09:32:10,53.21,0.0,62,329891,买盘
09:32:13,53.2,-0.01,383,2037789,卖盘
09:32:16,53.2,0.0,208,1106680,卖盘
09:32:19,53.2,0.0,66,351174,卖盘
09:32:21,53.2,0.0,73,388377,卖盘
09:32:24,53.2,0.0,73,388353,买盘
09:32:28,53.2,0.0,111,590506,买盘
09:32:30,53.21,0.01,169,899293,买盘
09:32:34,53.21,0.0,137,729156,卖盘
09:32:37,53.21,0.0,75,399091,卖盘
09:32:40,53.21,0.0,62,330009,卖盘
09:32:42,53.24,0.03,13,69208,中性盘
09:32:45,53.21,-0.03,284,1511263,卖盘
09:32:49,53.21,0.0,80,425675,买盘
09:32:51,53.22,0.01,91,484214,买盘
09:32:55,53.22,0.0,16,85140,买盘
09:32:57,53.22,0.0,45,239468,买盘
09:33:01,53.22,0.0,60,319301,买盘
09:33:05,53.22,0.0,307,1633709,买盘
09:33:06,53.2,-0.02,248,1319595,卖盘
09:33:09,53.21,0.01,451,2399777,买盘
09:33:12,53.22,0.01,259,1378174,买盘
09:33:16,53.22,0.0,35,186274,卖盘
09:33:18,53.21,-0.01,183,973765,卖盘
09:33:22,53.19,-0.02,447,2377898,卖盘
09:33:24,53.19,0.0,38,202122,买盘
09:33:27,53.18,-0.01,52,276571,卖盘
09:33:30,53.19,0.01,168,893488,买盘
09:33:34,53.19,0.0,16,85104,买盘
09:33:36,53.19,0.0,50,265930,买盘
09:33:39,53.18,-0.01,213,1132773,卖盘
09:33:43,53.19,0.01,292,1553132,买盘
09:33:46,53.19,0.0,125,664697,卖盘
09:33:49,53.2,0.01,38,202130,买盘
09:33:52,53.2,0.0,335,1781439,买盘
09:33:54,53.18,-0.02,70,372345,卖盘
09:33:58,53.2,0.02,43,228714,买盘
09:34:00,53.19,-0.01,41,218107,卖盘
09:34:04,53.19,0.0,97,515962,卖盘
09:34:06,53.19,0.0,17,90423,买盘
09:34:10,53.19,0.0,29,154247,买盘
09:34:12,53.19,0.0,191,1015809,买盘
09:34:16,53.19,0.0,151,803109,买盘
09:34:18,53.19,0.0,177,941464,买盘
09:34:22,53.2,0.01,49,260641,买盘
09:34:24,53.19,-0.01,254,1351034,卖盘
09:34:28,53.2,0.01,92,489376,买盘
09:34:30,53.2,0.0,37,196831,买盘
09:34:33,53.19,-0.01,78,414914,卖盘
09:34:36,53.2,0.01,27,143653,卖盘
09:34:39,53.2,0.0,64,340495,卖盘
09:34:43,53.2,0.0,113,601159,卖盘
09:34:46,53.2,0.0,68,361740,买盘
09:34:49,53.21,0.01,36,191534,买盘
09:34:51,53.21,0.0,34,180885,买盘
09:34:55,53.2,-0.01,41,218110,卖盘
09:34:58,53.19,-0.01,373,1984501,卖盘
09:35:01,53.2,0.01,26,138342,卖盘
09:35:05,53.2,0.0,51,271333,卖盘
09:35:07,53.2,0.0,88,468207,卖盘
09:35:09,53.2,0.0,61,324531,卖盘
09:35:12,53.2,0.0,80,425641,卖盘
09:35:15,53.21,0.01,80,425679,买盘
09:35:19,53.23,0.02,45,239484,买盘
09:35:22,53.24,0.01,79,420662,买盘
09:35:25,53.23,-0.01,157,835531,中性盘
09:35:28,53.27,0.04,16,85210,买盘
09:35:30,53.24,-0.03,56,298267,卖盘
09:35:33,53.23,-0.01,155,825060,买盘
09:35:37,53.22,-0.01,98,521584,卖盘
09:35:39,53.24,0.02,88,468369,买盘
09:35:42,53.23,-0.01,45,239514,卖盘
09:35:45,53.23,0.0,57,303382,买盘
09:35:48,53.24,0.01,54,287445,买盘
09:35:52,53.22,-0.02,110,585446,卖盘
09:35:55,53.23,0.01,155,824806,买盘
09:35:58,53.24,0.01,70,372558,买盘
09:36:01,53.22,-0.02,47,250139,中性盘
09:36:04,53.23,0.01,173,920575,买盘
09:36:07,53.22,-0.01,58,308673,中性盘
09:36:10,53.22,0.0,84,447001,买盘
09:36:12,53.22,0.0,51,271395,买盘
09:36:15,53.22,0.0,76,404456,买盘
09:36:19,53.21,-0.01,115,612092,中性盘
09:36:22,53.22,0.01,8,42574,买盘
09:36:25,53.23,0.01,161,856605,买盘
09:36:27,53.22,-0.01,56,298008,卖盘
09:36:31,53.23,0.01,43,228867,买盘
09:36:34,53.23,0.0,50,266102,买盘
09:36:37,53.21,-0.02,170,904680,卖盘
09:36:39,53.22,0.01,90,478894,买盘
09:36:43,53.21,-0.01,23,122407,卖盘
09:36:45,53.23,0.02,569,3027267,买盘
09:36:49,53.21,-0.02,154,819462,中性盘
09:36:51,53.2,-0.01,148,787408,卖盘
09:36:55,53.2,0.0,683,3633815,卖盘
09:36:57,53.21,0.01,206,1095964,买盘
09:37:01,53.21,0.0,19,101093,买盘
09:37:04,53.2,-0.01,19,101088,卖盘
09:37:06,53.2,0.0,163,867125,卖盘
09:37:10,53.19,-0.01,400,2127813,卖盘
09:37:13,53.21,0.02,4,21283,买盘
09:37:15,53.21,0.0,1,5321,买盘
09:37:18,53.21,0.0,46,244761,买盘
09:37:21,53.21,0.0,58,308610,买盘
09:37:25,53.23,0.02,114,606617,买盘
09:37:28,53.21,-0.02,44,234209,卖盘
09:37:31,53.21,0.0,44,234242,卖盘
09:37:34,53.22,0.01,8,42575,中性盘
09:37:36,53.21,-0.01,10,53214,卖盘
09:37:39,53.27,0.06,390,2080473,买盘
09:37:42,53.27,0.0,40,213081,卖盘
09:37:46,53.23,-0.04,113,598113,卖盘
09:37:48,53.26,0.03,39,207636,买盘
09:37:52,53.26,0.0,40,213040,买盘
09:37:54,53.23,-0.03,28,149064,卖盘
09:37:58,53.26,0.03,13,69236,买盘
09:38:01,53.24,-0.02,6,31948,卖盘
09:38:05,53.26,0.02,33,179534,买盘
09:38:07,53.24,-0.02,34,181041,卖盘
09:38:10,53.25,0.01,82,436642,买盘
09:38:12,53.24,-0.01,30,159734,卖盘
09:38:16,53.24,0.0,118,628149,中性盘
09:38:18,53.27,0.03,217,1155245,买盘
09:38:22,53.27,0.0,3,15981,卖盘
09:38:24,53.27,0.0,203,1081581,卖盘
09:38:27,53.28,0.01,17,90567,买盘
09:38:30,53.29,0.01,29,154507,买盘
09:38:33,53.27,-0.02,95,506241,卖盘
09:38:37,53.28,0.01,9,44163,买盘
09:38:40,53.27,-0.01,14,74577,买盘
09:38:43,53.28,0.01,70,372928,买盘
09:38:46,53.27,-0.01,68,362290,卖盘
09:38:48,53.27,0.0,11,58603,卖盘
09:38:52,53.26,-0.01,156,830961,卖盘
09:38:54,53.26,0.0,6,31960,买盘
09:38:57,53.28,0.02,49,264825,买盘
09:39:00,53.25,-0.03,232,1231704,卖盘
09:39:05,53.25,0.0,60,319437,买盘
09:39:07,53.29,0.04,507,2704293,买盘
09:39:10,53.29,0.0,18,95923,卖盘
09:39:12,53.29,0.0,6,31977,卖盘
09:39:16,53.3,0.01,40,213164,买盘
09:39:19,53.29,-0.01,15,79949,卖盘
09:39:21,53.3,0.01,31,165230,买盘
09:39:24,53.3,0.0,219,1167132,卖盘
09:39:28,53.3,0.0,23,122592,卖盘
09:39:30,53.31,0.01,9,47982,买盘
09:39:34,53.32,0.01,18,95974,买盘
09:39:36,53.31,-0.01,34,181306,卖盘
09:39:40,53.3,-0.01,205,1092836,卖盘
09:39:42,53.31,0.01,65,346503,买盘
09:39:45,53.32,0.01,83,442515,中性盘
09:39:49,53.33,0.01,16,85164,买盘
09:39:51,53.33,0.0,45,240176,卖盘
09:39:55,53.32,-0.01,256,1365952,卖盘
09:39:57,53.31,-0.01,174,927729,卖盘
09:40:01,53.3,-0.01,53,282540,卖盘
09:40:04,53.31,0.01,32,170569,买盘
09:40:06,53.3,-0.01,103,548999,中性盘
09:40:09,53.3,0.0,19,101270,买盘
09:40:13,53.31,0.01,15,79953,买盘
09:40:16,53.29,-0.02,68,362389,卖盘
09:40:18,53.31,0.02,26,138595,买盘
09:40:21,53.3,-0.01,15,79960,中性盘
09:40:25,53.32,0.02,11,58633,买盘
09:40:28,53.31,-0.01,10,53310,中性盘
09:40:31,53.3,-0.01,179,953965,卖盘
09:40:34,53.31,0.01,103,549072,买盘
09:40:37,53.31,0.0,98,522369,卖盘
09:40:40,53.31,0.0,7,37318,卖盘
09:40:43,53.31,0.0,9,47974,买盘
09:40:45,53.31,0.0,32,170591,买盘
09:40:49,53.31,0.0,18,95951,买盘
09:40:51,53.3,-0.01,78,415794,卖盘
09:40:55,53.31,0.01,8,42647,买盘
09:40:58,53.3,-0.01,24,127927,卖盘
09:41:01,53.31,0.01,40,213253,中性盘
09:41:05,53.31,0.0,104,554350,卖盘
09:41:07,53.31,0.0,35,186585,卖盘
09:41:10,53.31,0.0,15,79953,买盘
09:41:13,53.3,-0.01,23,122592,卖盘
09:41:16,53.3,0.0,24,127928,卖盘
09:41:18,53.3,0.0,32,170564,卖盘
09:41:21,53.29,-0.01,45,239864,卖盘
09:41:25,53.3,0.01,41,218503,买盘
09:41:27,53.29,-0.01,55,293141,卖盘
09:41:31,53.29,0.0,27,143883,卖盘
09:41:33,53.29,0.0,13,69275,买盘
09:41:37,53.27,-0.02,67,357001,卖盘
09:41:39,53.27,0.0,22,117190,买盘
09:41:42,53.26,-0.01,11,58596,卖盘
09:41:46,53.26,0.0,41,218395,卖盘
09:41:48,53.26,0.0,20,106520,买盘
09:41:52,53.27,0.01,62,330217,买盘
09:41:54,53.25,-0.02,112,596483,卖盘
09:41:58,53.24,-0.01,111,591073,卖盘
09:42:00,53.24,0.0,128,681598,卖盘
09:42:05,53.24,0.0,37,196997,卖盘
09:42:07,53.23,-0.01,16,85176,卖盘
09:42:09,53.23,0.0,148,787701,卖盘
09:42:12,53.22,-0.01,48,255503,卖盘
09:42:15,53.23,0.01,10,53226,买盘
09:42:19,53.24,0.01,82,436484,买盘
09:42:21,53.23,-0.01,5,26615,卖盘
09:42:25,53.23,0.0,62,330021,卖盘
09:42:27,53.23,0.0,75,399206,买盘
09:42:31,53.23,0.0,22,117106,卖盘
09:42:34,53.23,0.0,33,175659,卖盘
09:42:36,53.23,0.0,107,569510,卖盘
09:42:39,53.22,-0.01,28,149046,卖盘
09:42:43,53.22,0.0,172,915304,中性盘
09:42:45,53.22,0.0,7,37254,买盘
09:42:49,53.21,-0.01,102,542843,卖盘
09:42:52,53.23,0.02,14,74515,买盘
09:42:55,53.22,-0.01,30,159656,买盘
09:42:57,53.22,0.0,346,1840875,买盘
09:43:01,53.21,-0.01,44,234144,中性盘
09:43:04,53.22,0.01,83,441656,买盘
09:43:07,53.21,-0.01,20,106451,中性盘
09:43:10,53.21,0.0,28,149000,卖盘
09:43:12,53.22,0.01,7,37253,买盘
09:43:16,53.23,0.01,148,787529,买盘
09:43:19,53.22,-0.01,67,356598,卖盘
09:43:21,53.22,0.0,5,26610,买盘
09:43:25,53.22,0.0,50,266097,买盘
09:43:27,53.24,0.02,278,1480711,买盘
09:43:31,53.25,0.01,160,851905,买盘
09:43:33,53.27,0.02,11,58597,买盘
09:43:37,53.27,0.0,60,319610,卖盘
09:43:39,53.27,0.0,37,196928,买盘
09:43:43,53.27,0.0,78,415387,买盘
09:43:45,53.28,0.01,26,138505,买盘
09:43:49,53.27,-0.01,162,862983,卖盘
09:43:51,53.28,0.01,213,1134686,中性盘
09:43:54,53.27,-0.01,35,186464,卖盘
09:43:58,53.27,0.0,71,378227,卖盘
09:44:01,53.28,0.01,1,5328,买盘
09:44:05,53.29,0.01,85,452910,买盘
09:44:07,53.28,-0.01,62,330336,卖盘
09:44:10,53.28,0.0,33,175828,买盘
09:44:12,53.28,0.0,86,458286,卖盘
09:44:15,53.3,0.02,314,1673596,买盘
09:44:18,53.29,-0.01,66,351773,卖盘
09:44:21,53.3,0.01,234,1247168,买盘
09:44:24,53.3,0.0,48,255885,卖盘
09:44:28,53.31,0.01,69,367778,中性盘
09:44:31,53.31,0.0,9,47984,卖盘
09:44:34,53.31,0.0,12,63982,卖盘
09:44:36,53.31,0.0,55,293205,卖盘
09:44:39,53.31,0.0,72,383856,买盘
09:44:43,53.32,0.01,28,149275,买盘
09:44:45,53.31,-0.01,9,47979,卖盘
09:44:48,53.32,0.01,41,218566,买盘
09:44:51,53.31,-0.01,205,1093138,买盘
09:44:55,53.31,0.0,8,42648,卖盘
09:44:58,53.4,0.09,176,939484,买盘
09:45:00,53.37,-0.03,6,32025,卖盘
09:45:04,53.31,-0.06,2,10662,卖盘
09:45:07,53.32,0.01,14,74674,中性盘
09:45:10,53.36,0.04,24,128041,买盘
09:45:13,53.32,-0.04,6,31992,卖盘
09:45:16,53.36,0.04,61,325490,买盘
09:45:18,53.36,0.0,2,10672,卖盘
09:45:21,53.36,0.0,7,37352,卖盘
09:45:24,53.36,0.0,28,149419,卖盘
09:45:28,53.36,0.0,44,234805,卖盘
09:45:30,53.39,0.03,11,58729,买盘
09:45:34,53.39,0.0,56,298837,买盘
09:45:36,53.39,0.0,31,165458,买盘
09:45:40,53.39,0.0,16,85407,买盘
09:45:43,53.39,0.0,10,53373,买盘
09:45:45,53.4,0.01,91,485860,买盘
09:45:49,53.39,-0.01,89,475099,卖盘
09:45:51,53.39,0.0,154,821602,卖盘
09:45:55,53.4,0.01,26,138815,买盘
09:45:58,53.39,-0.01,9,48057,卖盘
09:46:00,53.38,-0.01,33,176186,中性盘
09:46:05,53.36,-0.02,14,74720,卖盘
09:46:07,53.37,0.01,24,128055,买盘
09:46:09,53.38,0.01,27,144079,买盘
09:46:13,53.38,0.0,1,5338,买盘
09:46:15,53.38,0.0,3,16014,买盘
09:46:18,53.38,0.0,60,320223,买盘
09:46:21,53.38,0.0,103,549844,买盘
09:46:25,53.38,0.0,32,170816,卖盘
09:46:27,53.37,-0.01,93,496490,卖盘
09:46:30,53.3,-0.07,818,4362203,卖盘
09:46:34,53.4,0.1,219,1167612,买盘
09:46:36,53.39,-0.01,95,506659,中性盘
09:46:39,53.3,-0.09,7,37327,卖盘
09:46:43,53.35,0.05,12,64046,中性盘
09:46:45,53.39,0.04,51,272250,买盘
09:46:48,53.37,-0.02,3,16013,卖盘
09:46:52,53.37,0.0,44,234828,卖盘
09:46:54,53.39,0.02,25,133467,买盘
09:46:58,53.39,0.0,33,176161,买盘
09:47:00,53.39,0.0,14,74734,买盘
09:47:05,53.37,-0.02,27,144138,卖盘
09:47:07,53.38,0.01,2,10677,中性盘
09:47:10,53.37,-0.01,29,154771,卖盘
09:47:12,53.37,0.0,39,208143,买盘
09:47:16,53.37,0.0,12,64042,买盘
09:47:18,53.37,0.0,6,32023,卖盘
09:47:21,53.39,0.02,147,784672,买盘
09:47:24,53.39,0.0,27,144155,卖盘
09:47:27,53.39,0.0,3,16017,卖盘
09:47:31,53.39,0.0,9,48053,卖盘
09:47:34,53.4,0.01,161,859580,买盘
09:47:37,53.4,0.0,74,395139,卖盘
09:47:39,53.4,0.0,37,197595,中性盘
09:47:42,53.4,0.0,46,245606,卖盘
09:47:46,53.4,0.0,25,133504,卖盘
09:47:48,53.4,0.0,26,138843,卖盘
09:47:52,53.43,0.03,10,53430,买盘
09:47:54,53.41,-0.02,104,555491,卖盘
09:47:57,53.45,0.04,36,187838,买盘
09:48:00,53.45,0.0,114,608906,买盘
09:48:05,53.43,-0.02,41,219100,卖盘
09:48:07,53.45,0.02,93,497165,卖盘
09:48:10,53.41,-0.04,108,578272,卖盘
09:48:12,53.45,0.04,37,197692,买盘
09:48:15,53.41,-0.04,9,48085,卖盘
09:48:19,53.41,0.0,89,475355,卖盘
09:48:21,53.45,0.04,68,363199,买盘
09:48:24,53.41,-0.04,9,48088,中性盘
09:48:28,53.44,0.03,2,10688,买盘
09:48:30,53.41,-0.03,6,32046,卖盘
09:48:33,53.41,0.0,87,464780,卖盘
09:48:36,53.43,0.02,4,21370,买盘
09:48:39,53.41,-0.02,77,411247,卖盘
09:48:42,53.41,0.0,39,208299,买盘
09:48:45,53.4,-0.01,18,96135,卖盘
09:48:48,53.4,0.0,47,250996,卖盘
09:48:52,53.41,0.01,27,144189,买盘
09:48:55,53.4,-0.01,25,133516,卖盘
09:48:57,53.41,0.01,2,10682,买盘
09:49:00,53.4,-0.01,27,144202,卖盘
09:49:04,53.41,0.01,1,5341,买盘
09:49:06,53.4,-0.01,76,405850,卖盘
09:49:10,53.41,0.01,138,737043,买盘
09:49:12,53.41,0.0,8,42726,卖盘
09:49:16,53.41,0.0,60,323238,卖盘
09:49:18,53.41,0.0,4,21364,卖盘
09:49:21,53.43,0.02,6,32053,买盘
09:49:24,53.42,-0.01,6,32054,卖盘
09:49:27,53.43,0.01,29,154945,买盘
09:49:30,53.44,0.01,8,42745,买盘
09:49:33,53.43,-0.01,22,117558,卖盘
09:49:37,53.43,0.0,79,422039,买盘
09:49:39,53.42,-0.01,26,138906,卖盘
09:49:43,53.42,0.0,193,1031028,卖盘
09:49:45,53.42,0.0,37,197654,买盘
09:49:49,53.42,0.0,56,299152,买盘
09:49:51,53.42,0.0,135,721158,买盘
09:49:55,53.42,0.0,74,395285,买盘
09:49:57,53.41,-0.01,115,614317,卖盘
09:50:00,53.42,0.01,196,1046929,卖盘
09:50:04,53.45,0.03,113,603830,买盘
09:50:07,53.45,0.0,36,192428,卖盘
09:50:09,53.45,0.0,25,133625,卖盘
09:50:12,53.46,0.01,69,368872,买盘
09:50:15,53.46,0.0,29,155034,买盘
09:50:18,53.45,-0.01,143,764383,卖盘
09:50:21,53.48,0.03,15,80205,买盘
09:50:24,53.46,-0.02,24,128323,卖盘
09:50:27,53.47,0.01,5,26734,中性盘
09:50:31,53.46,-0.01,10,53469,卖盘
09:50:34,53.5,0.04,367,1962731,买盘
09:50:36,53.5,0.0,72,385200,卖盘
09:50:40,53.51,0.01,109,583155,买盘
09:50:42,53.52,0.01,23,123094,买盘
09:50:45,53.53,0.01,10,53528,买盘
09:50:49,53.53,0.0,30,160590,买盘
09:50:51,53.52,-0.01,22,117756,卖盘
09:50:55,53.55,0.03,60,319624,买盘
09:50:58,53.54,-0.01,20,107064,中性盘
09:51:01,53.55,0.01,49,262390,买盘
09:51:05,53.55,0.0,46,243559,买盘
09:51:07,53.54,-0.01,91,487295,卖盘
09:51:10,53.58,0.04,145,776670,买盘
09:51:13,53.58,0.0,346,1856568,卖盘
09:51:15,53.58,0.0,24,128586,买盘
09:51:18,53.58,0.0,16,85724,买盘
09:51:21,53.59,0.01,58,310763,买盘
09:51:24,53.58,-0.01,140,750106,中性盘
09:51:27,53.58,0.0,17,91090,买盘
09:51:30,53.58,0.0,18,96456,卖盘
09:51:34,53.59,0.01,59,316117,买盘
09:51:36,53.58,-0.01,37,198249,中性盘
09:51:39,53.58,0.0,78,417940,买盘
09:51:42,53.59,0.01,46,246499,买盘
09:51:45,53.6,0.01,235,1259592,买盘
09:51:49,53.62,0.02,12,64336,买盘
09:51:52,53.62,0.0,26,139419,卖盘
09:51:54,53.64,0.02,22,118008,买盘
09:51:58,53.63,-0.01,187,1002783,卖盘
09:52:00,53.65,0.02,59,316668,买盘
09:52:04,53.65,0.0,27,144858,卖盘
09:52:07,53.68,0.03,39,209340,买盘
09:52:10,53.65,-0.03,583,3129886,卖盘
09:52:13,53.71,0.06,60,322070,买盘
09:52:15,53.71,0.0,13,69826,卖盘
09:52:19,53.72,0.01,23,123556,买盘
09:52:22,53.75,0.03,80,430005,买盘
09:52:24,53.76,0.01,89,478352,买盘
09:52:28,53.75,-0.01,206,1107588,中性盘
09:52:31,53.75,0.0,177,951244,买盘
09:52:34,53.76,0.01,121,650387,买盘
09:52:37,53.77,0.01,80,430038,买盘
09:52:39,53.77,0.0,148,795528,买盘
09:52:43,53.78,0.01,62,333395,买盘
09:52:46,53.78,0.0,62,333433,卖盘
09:52:48,53.78,0.0,55,295809,卖盘
09:52:52,53.78,0.0,150,806857,卖盘
09:52:54,53.8,0.02,114,613362,买盘
09:52:57,53.8,0.0,23,123742,卖盘
09:53:00,53.87,0.07,706,3800554,买盘
09:53:04,53.8,-0.07,76,408930,卖盘
09:53:07,53.8,0.0,69,371169,卖盘
09:53:10,53.77,-0.03,148,796093,卖盘
09:53:13,53.77,0.0,147,790709,卖盘
09:53:15,53.77,0.0,192,1032447,卖盘
09:53:18,53.8,0.03,247,1328436,买盘
09:53:22,53.74,-0.06,80,430036,卖盘
09:53:25,53.73,-0.01,71,381533,卖盘
09:53:27,53.71,-0.02,100,537192,卖盘
09:53:30,53.72,0.01,76,408158,买盘
09:53:33,53.68,-0.04,454,2438950,卖盘
09:53:36,53.6,-0.08,123,659886,卖盘
09:53:39,53.62,0.02,36,193087,卖盘
09:53:42,53.62,0.0,41,219832,买盘
09:53:46,53.6,-0.02,42,225160,卖盘
09:53:48,53.59,-0.01,97,519915,卖盘
09:53:52,53.68,0.09,332,1780024,买盘
09:53:54,53.59,-0.09,146,782467,中性盘
09:53:58,53.62,0.03,36,192950,中性盘
09:54:00,53.68,0.06,246,1319785,买盘
09:54:04,53.7,0.02,64,343688,中性盘
09:54:07,53.7,0.0,114,612181,卖盘
09:54:10,53.7,0.0,50,268508,卖盘
09:54:13,53.7,0.0,73,391996,买盘
09:54:16,53.68,-0.02,255,1369320,卖盘
09:54:18,53.7,0.02,170,912998,中性盘
09:54:22,53.68,-0.02,109,585107,卖盘
09:54:25,53.63,-0.05,216,1159591,卖盘
09:54:28,53.64,0.01,39,209182,买盘
09:54:30,53.61,-0.03,93,498589,卖盘
09:54:34,53.62,0.01,83,445086,买盘
09:54:37,53.61,-0.01,180,964973,卖盘
09:54:39,53.59,-0.02,63,337728,卖盘
09:54:43,53.62,0.03,78,418283,中性盘
09:54:46,53.63,0.01,294,1576087,买盘
09:54:49,53.63,0.0,126,675738,卖盘
09:54:51,53.59,-0.04,285,1527983,卖盘
09:54:54,53.59,0.0,92,493380,卖盘
09:54:57,53.68,0.09,45,241396,买盘
09:55:01,53.58,-0.1,637,3413057,卖盘
09:55:04,53.58,0.0,93,498294,买盘
09:55:07,53.58,0.0,129,691181,买盘
09:55:09,53.57,-0.01,35,187510,卖盘
09:55:12,53.58,0.01,213,1141256,买盘
09:55:16,53.58,0.0,8,42866,卖盘
09:55:18,53.59,0.01,8,42882,卖盘
09:55:22,53.63,0.04,6,32172,买盘
09:55:25,53.59,-0.04,59,316170,卖盘
09:55:28,53.63,0.04,13,69678,买盘
09:55:30,53.59,-0.04,32,171552,卖盘
09:55:33,53.62,0.03,5,26810,买盘
09:55:36,53.6,-0.02,5,26801,卖盘
09:55:40,53.59,-0.01,33,176892,卖盘
09:55:43,53.62,0.03,87,466376,买盘
09:55:46,53.62,0.0,24,126448,买盘
09:55:48,53.63,0.01,13,69703,买盘
09:55:51,53.62,-0.01,20,107250,卖盘
09:55:55,53.6,-0.02,49,262742,卖盘
09:55:58,53.6,0.0,32,171573,卖盘
09:56:01,53.62,0.02,7,37534,买盘
09:56:04,53.58,-0.04,318,1706286,卖盘
09:56:07,53.58,0.0,2,10716,买盘
09:56:09,53.58,0.0,131,701894,买盘
09:56:12,53.63,0.05,256,1369834,买盘
09:56:15,53.57,-0.06,89,479166,买盘
09:56:19,53.59,0.02,1,5359,买盘
09:56:22,53.63,0.04,43,230449,买盘
09:56:24,53.63,0.0,20,107249,买盘
09:56:28,53.63,0.0,21,112609,买盘
09:56:31,53.59,-0.04,37,198304,卖盘
09:56:33,53.64,0.05,54,289537,买盘
09:56:36,53.58,-0.06,57,305552,卖盘
09:56:39,53.59,0.01,24,128617,买盘
09:56:42,53.63,0.04,1,5363,中性盘
09:56:45,53.63,0.0,2,10726,卖盘
09:56:48,53.64,0.01,8,42902,买盘
09:56:52,53.64,0.0,8,42909,买盘
09:56:54,53.65,0.01,5,26821,买盘
09:56:58,53.65,0.0,17,91204,买盘
09:57:00,53.65,0.0,42,225311,买盘
09:57:04,53.69,0.04,79,423919,买盘
09:57:07,53.65,-0.04,25,134125,中性盘
09:57:09,53.7,0.05,104,556681,买盘
09:57:12,53.64,-0.06,51,275423,卖盘
09:57:15,53.72,0.08,111,596039,买盘
09:57:18,53.72,0.0,18,96682,买盘
09:57:21,53.66,-0.06,80,429557,卖盘
09:57:24,53.66,0.0,53,284665,卖盘
09:57:27,53.72,0.06,126,676907,买盘
09:57:30,53.72,0.0,19,102068,卖盘
09:57:33,53.72,0.0,3,16118,卖盘
09:57:37,53.72,0.0,217,1165724,卖盘
09:57:39,53.69,-0.03,25,134287,卖盘
09:57:43,53.69,0.0,38,204037,卖盘
09:57:45,53.71,0.02,16,85924,买盘
09:57:48,53.69,-0.02,99,531595,卖盘
09:57:52,53.71,0.02,9,48337,买盘
09:57:54,53.7,-0.01,33,177226,卖盘
09:57:57,53.71,0.01,251,1347974,买盘
09:58:01,53.7,-0.01,36,193349,中性盘
09:58:04,53.71,0.01,45,241689,买盘
09:58:07,53.7,-0.01,104,558517,卖盘
09:58:10,53.7,0.0,18,96663,卖盘
09:58:13,53.71,0.01,34,182587,买盘
09:58:15,53.7,-0.01,115,617558,卖盘
09:58:18,53.71,0.01,89,477965,买盘
09:58:22,53.7,-0.01,15,80547,买盘
09:58:24,53.7,0.0,50,268465,买盘
09:58:28,53.7,0.0,35,187947,买盘
09:58:30,53.69,-0.01,17,91283,卖盘
09:58:33,53.69,0.0,10,53696,卖盘
09:58:36,53.7,0.01,80,429539,买盘
09:58:39,53.69,-0.01,138,740923,卖盘
09:58:43,53.69,0.0,16,85904,买盘
09:58:45,53.68,-0.01,49,263043,卖盘
09:58:49,53.68,0.0,13,69790,卖盘
09:58:51,53.68,0.0,73,391864,卖盘
09:58:54,53.68,0.0,120,644073,买盘
09:58:57,53.68,0.0,5,26840,买盘
09:59:00,53.67,-0.01,10,53663,买盘
09:59:04,53.67,0.0,187,1003451,买盘
09:59:07,53.66,-0.01,15,80490,卖盘
09:59:10,53.66,0.0,14,75127,卖盘
09:59:12,53.65,-0.01,11,59025,卖盘
09:59:15,53.65,0.0,64,343405,卖盘
09:59:19,53.65,0.0,6,32190,买盘
09:59:21,53.64,-0.01,10,53640,卖盘
09:59:25,53.63,-0.01,54,289686,卖盘
09:59:27,53.64,0.01,16,85817,买盘
09:59:31,53.62,-0.02,15,80438,卖盘
09:59:33,53.63,0.01,60,321761,买盘
09:59:37,53.62,-0.01,87,466555,卖盘
09:59:39,53.61,-0.01,99,530844,卖盘
09:59:42,53.62,0.01,3,16086,买盘
09:59:45,53.61,-0.01,60,321675,卖盘
09:59:48,53.62,0.01,2,10724,买盘
09:59:51,53.61,-0.01,10,53609,买盘
09:59:55,53.6,-0.01,12,64324,卖盘
09:59:57,53.6,0.0,9,48241,卖盘
10:00:01,53.6,0.0,50,268017,卖盘
10:00:04,53.6,0.0,173,927289,卖盘
10:00:07,53.6,0.0,10,53598,买盘
10:00:09,53.59,-0.01,77,412645,卖盘
10:00:12,53.59,0.0,60,321550,卖盘
10:00:15,53.59,0.0,14,75029,买盘
10:00:18,53.58,-0.01,77,412566,卖盘
10:00:21,53.58,0.0,14,75013,卖盘
10:00:25,53.58,0.0,65,348316,卖盘
10:00:27,53.59,0.01,38,203624,买盘
10:00:31,53.59,0.0,233,1248811,买盘
10:00:33,53.59,0.0,5,26795,买盘
10:00:36,53.58,-0.01,150,803936,卖盘
10:00:39,53.59,0.01,74,396530,买盘
10:00:42,53.59,0.0,85,455461,买盘
10:00:46,53.59,0.0,36,192900,买盘
10:00:49,53.59,0.0,15,80376,买盘
10:00:52,53.59,0.0,76,407243,买盘
10:00:54,53.59,0.0,20,107167,买盘
10:00:58,53.59,0.0,47,251867,买盘
10:01:01,53.57,-0.02,26,139291,卖盘
10:01:04,53.58,0.01,30,160717,买盘
10:01:07,53.58,0.0,6,32146,买盘
10:01:09,53.57,-0.01,104,557155,卖盘
10:01:12,53.59,0.02,79,423279,买盘
10:01:15,53.57,-0.02,80,428602,卖盘
10:01:19,53.57,0.0,5,26785,买盘
10:01:22,53.57,0.0,13,69640,买盘
10:01:24,53.58,0.01,24,128580,买盘
10:01:27,53.58,0.0,17,91086,卖盘
10:01:31,53.57,-0.01,22,117866,卖盘
10:01:33,53.57,0.0,49,262531,卖盘
10:01:36,53.57,0.0,4,21428,卖盘
10:01:40,53.58,0.01,54,289314,买盘
10:01:42,53.58,0.0,40,214316,买盘
10:01:46,53.57,-0.01,55,294683,卖盘
10:01:48,53.59,0.02,100,535832,买盘
10:01:51,53.58,-0.01,14,74999,中性盘
10:01:54,53.57,-0.01,29,156632,卖盘
10:01:57,53.57,0.0,6,32143,卖盘
10:02:00,53.57,0.0,16,85718,卖盘
10:02:04,53.59,0.02,100,535946,买盘
10:02:06,53.57,-0.02,17,91094,卖盘
10:02:09,53.58,0.01,5,26790,买盘
10:02:12,53.57,-0.01,49,262520,卖盘
10:02:15,53.58,0.01,65,348264,买盘
10:02:19,53.58,0.0,2,10716,卖盘
10:02:22,53.59,0.01,7,37513,买盘
10:02:28,53.58,-0.01,35,187534,卖盘
10:02:31,53.59,0.01,60,321527,买盘
10:02:34,53.59,0.0,4,21437,卖盘
10:02:37,53.59,0.0,77,412652,卖盘
10:02:39,53.59,0.0,8,42874,卖盘
10:02:43,53.6,0.01,311,1666958,买盘
10:02:45,53.6,0.0,11,58954,买盘
10:02:49,53.6,0.0,16,85754,买盘
10:02:51,53.58,-0.02,9,48236,卖盘
10:02:55,53.58,0.0,4,21436,卖盘
10:02:58,53.58,0.0,8,42864,卖盘
10:03:01,53.58,0.0,55,294692,卖盘
10:03:05,53.58,0.0,105,562624,买盘
10:03:07,53.58,0.0,11,58944,买盘
10:03:10,53.58,0.0,10,53580,买盘
10:03:12,53.58,0.0,15,80366,买盘
10:03:15,53.58,0.0,21,112510,买盘
10:03:19,53.59,0.01,28,150018,买盘
10:03:22,53.59,0.0,15,80383,买盘
10:03:24,53.58,-0.01,10,53585,卖盘
10:03:28,53.59,0.01,51,273310,买盘
10:03:30,53.59,0.0,6,32154,买盘
10:03:33,53.59,0.0,53,284026,卖盘
10:03:36,53.59,0.0,34,182198,买盘
10:03:39,53.57,-0.02,57,305413,卖盘
10:03:42,53.59,0.02,9,48231,买盘
10:03:45,53.59,0.0,69,369765,买盘
10:03:48,53.59,0.0,12,64300,买盘
10:03:52,53.59,0.0,24,128595,卖盘
10:03:54,53.57,-0.02,25,133985,卖盘
10:03:58,53.57,0.0,4,21432,卖盘
10:04:01,53.59,0.02,2,10718,卖盘
10:04:07,53.59,0.0,13,69668,卖盘
10:04:09,53.57,-0.02,15,80377,卖盘
10:04:13,53.59,0.02,8,42872,买盘
10:04:15,53.57,-0.02,176,941707,卖盘
10:04:19,53.57,0.0,17,91064,买盘
10:04:22,53.57,0.0,16,85710,买盘
10:04:24,53.56,-0.01,6,32138,卖盘
10:04:28,53.56,0.0,6,32136,卖盘
10:04:31,53.57,0.01,15,80350,买盘
10:04:34,53.56,-0.01,46,246401,卖盘
10:04:36,53.56,0.0,20,107130,卖盘
10:04:39,53.56,0.0,40,214248,卖盘
10:04:43,53.56,0.0,216,1156896,卖盘
10:04:45,53.56,0.0,55,294578,买盘
10:04:49,53.56,0.0,1,5356,买盘
10:04:51,53.55,-0.01,212,1135262,卖盘
10:04:55,53.54,-0.01,39,208829,卖盘
10:04:57,53.54,0.0,3,16062,卖盘
10:05:01,53.52,-0.02,342,1831702,卖盘
10:05:04,53.51,-0.01,91,487126,卖盘
10:05:06,53.52,0.01,88,470899,中性盘
10:05:09,53.5,-0.02,8,42808,卖盘
10:05:13,53.51,0.01,1,5351,中性盘
10:05:16,53.51,0.0,25,133765,买盘
10:05:19,53.5,-0.01,46,246112,卖盘
10:05:21,53.51,0.01,4,21404,买盘
10:05:24,53.5,-0.01,115,615284,卖盘
10:05:28,53.5,0.0,25,133761,卖盘
10:05:31,53.5,0.0,1,5350,卖盘
10:05:33,53.51,0.01,18,96317,买盘
10:05:36,53.5,-0.01,108,577829,卖盘
10:05:39,53.5,0.0,42,224733,卖盘
10:05:43,53.5,0.0,373,1995554,卖盘
10:05:45,53.5,0.0,192,1027356,卖盘
10:05:49,53.5,0.0,101,540360,卖盘
10:05:51,53.5,0.0,44,235406,卖盘
10:05:55,53.5,0.0,19,101655,卖盘
10:05:57,53.51,0.01,69,369225,买盘
10:06:00,53.54,0.03,32,171248,买盘
10:06:04,53.5,-0.04,17,90959,卖盘
10:06:07,53.54,0.04,32,171327,买盘
10:06:10,53.5,-0.04,167,889493,卖盘
10:06:12,53.51,0.01,48,256842,中性盘
10:06:15,53.53,0.02,12,64206,买盘
10:06:22,53.52,-0.01,4,21404,买盘
10:06:24,53.46,-0.06,165,882588,卖盘
10:06:28,53.5,0.04,19,101650,中性盘
10:06:30,53.46,-0.04,15,84174,卖盘
10:06:33,53.5,0.04,32,171165,买盘
10:06:37,53.46,-0.04,62,331546,卖盘
10:06:39,53.5,0.04,26,139100,买盘
10:06:43,53.48,-0.02,48,256623,中性盘
10:06:49,53.48,0.0,10,53486,卖盘
10:06:51,53.48,0.0,3,16044,中性盘
10:06:55,53.48,0.0,27,144401,卖盘
10:06:58,53.48,0.0,49,262061,卖盘
10:07:00,53.48,0.0,65,347525,买盘
10:07:04,53.47,-0.01,10,53470,买盘
10:07:07,53.46,-0.01,28,149703,卖盘
10:07:09,53.46,0.0,306,1636180,卖盘
10:07:13,53.46,0.0,158,844694,卖盘
10:07:16,53.45,-0.01,12,64148,卖盘
10:07:18,53.45,0.0,191,1021006,卖盘
10:07:21,53.45,0.0,47,251201,买盘
10:07:24,53.45,0.0,27,144315,买盘
10:07:28,53.45,0.0,16,85501,买盘
10:07:31,53.45,0.0,82,438256,买盘
10:07:34,53.43,-0.02,26,138943,卖盘
10:07:36,53.41,-0.02,84,448695,卖盘
10:07:39,53.45,0.04,5,26723,买盘
10:07:42,53.42,-0.03,4,21368,卖盘
10:07:45,53.4,-0.02,766,4090822,卖盘
10:07:49,53.42,0.02,154,822667,卖盘
10:07:52,53.42,0.0,19,101525,中性盘
10:07:54,53.45,0.03,96,513087,买盘
10:07:57,53.42,-0.03,346,1848063,卖盘
10:08:01,53.44,0.02,20,106874,买盘
10:08:05,53.44,0.0,16,85492,买盘
10:08:07,53.44,0.0,8,42742,买盘
10:08:10,53.45,0.01,69,368786,买盘
10:08:13,53.45,0.0,104,555860,买盘
10:08:15,53.46,0.01,54,288633,买盘
10:08:18,53.46,0.0,8,42769,卖盘
10:08:22,53.45,-0.01,7,37420,卖盘
10:08:24,53.46,0.01,17,90877,买盘
10:08:27,53.46,0.0,9,48114,卖盘
10:08:31,53.46,0.0,14,74845,卖盘
10:08:33,53.49,0.03,31,165757,买盘
10:08:36,53.45,-0.04,74,395542,卖盘
10:08:39,53.45,0.0,55,293943,买盘
10:08:43,53.45,0.0,33,176381,买盘
10:08:45,53.44,-0.01,16,85508,卖盘
10:08:48,53.44,0.0,24,128278,卖盘
10:08:52,53.45,0.01,7,37412,买盘
10:08:54,53.44,-0.01,11,58790,卖盘
10:08:57,53.44,0.0,73,390101,中性盘
10:09:01,53.44,0.0,28,149632,买盘
10:09:05,53.44,0.0,19,101533,买盘
10:09:07,53.43,-0.01,81,432787,卖盘
10:09:10,53.44,0.01,34,181687,买盘
10:09:13,53.43,-0.01,10,53425,买盘
10:09:16,53.43,0.0,8,42743,中性盘
10:09:19,53.4,-0.03,688,3672411,卖盘
10:09:22,53.43,0.03,89,477464,买盘
10:09:28,53.42,-0.01,5,26710,卖盘
10:09:31,53.42,0.0,3,16026,卖盘
10:09:33,53.42,0.0,14,74798,卖盘
10:09:37,53.43,0.01,81,432646,买盘
10:09:39,53.42,-0.01,31,165628,卖盘
10:09:42,53.43,0.01,11,58769,买盘
10:09:46,53.42,-0.01,3,16028,卖盘
10:09:48,53.42,0.0,73,389966,卖盘
10:09:52,53.42,0.0,25,133550,买盘
10:09:54,53.42,0.0,2,10684,买盘
10:09:57,53.42,0.0,31,165597,买盘
10:10:01,53.39,-0.03,193,1030359,卖盘
10:10:04,53.42,0.03,3,16026,买盘
10:10:07,53.43,0.01,43,229701,买盘
10:10:10,53.42,-0.01,18,96147,中性盘
10:10:12,53.41,-0.01,12,64097,卖盘
10:10:16,53.4,-0.01,135,721047,卖盘
10:10:18,53.41,0.01,1,5341,买盘
10:10:21,53.4,-0.01,14,74770,卖盘
10:10:24,53.4,0.0,27,144186,卖盘
10:10:28,53.41,0.01,56,299118,买盘
10:10:30,53.42,0.01,466,2489368,买盘
10:10:33,53.41,-0.01,24,128186,卖盘
10:10:36,53.42,0.01,69,368826,买盘
10:10:39,53.4,-0.02,197,1052016,卖盘
10:10:42,53.4,0.0,30,160200,买盘
10:10:45,53.39,-0.01,4,21358,卖盘
10:10:49,53.39,0.0,280,1493024,卖盘
10:10:52,53.38,-0.01,117,624662,卖盘
10:10:55,53.39,0.01,17,90757,买盘
10:10:58,53.39,0.0,47,250922,买盘
10:11:00,53.39,0.0,35,186834,买盘
10:11:04,53.39,0.0,24,128135,买盘
10:11:07,53.39,0.0,33,176185,买盘
10:11:10,53.39,0.0,17,92682,买盘
10:11:12,53.39,0.0,73,389747,卖盘
10:11:15,53.4,0.01,65,347100,买盘
10:11:18,53.4,0.0,2,10680,卖盘
10:11:22,53.41,0.01,1,5341,买盘
10:11:24,53.41,0.0,13,69433,买盘
10:11:27,53.4,-0.01,35,186967,卖盘
10:11:30,53.41,0.01,14,74774,买盘
10:11:34,53.4,-0.01,163,870441,卖盘
10:11:36,53.42,0.02,519,2771530,买盘
10:11:40,53.39,-0.03,89,475378,卖盘
10:11:43,53.49,0.1,19,101519,买盘
10:11:51,53.41,-0.08,342,1826111,中性盘
10:11:55,53.41,0.0,5,26711,卖盘
10:11:57,53.47,0.06,4,21388,买盘
10:12:01,53.47,0.0,7,37429,买盘
10:12:05,53.42,-0.05,2,10684,卖盘
10:12:07,53.47,0.05,12,64149,买盘
10:12:10,53.41,-0.06,19,101486,卖盘
10:12:12,53.43,0.02,4,21374,卖盘
10:12:15,53.46,0.03,25,133638,买盘
10:12:18,53.45,-0.01,44,235172,买盘
10:12:21,53.45,0.0,14,74827,买盘
10:12:25,53.44,-0.01,9,48096,卖盘
10:12:28,53.45,0.01,67,358115,买盘
10:12:31,53.44,-0.01,17,90856,卖盘
10:12:34,53.45,0.01,3,16034,买盘
10:12:36,53.42,-0.03,44,235133,卖盘
10:12:39,53.42,0.0,4,21374,卖盘
10:12:42,53.44,0.02,5,26720,中性盘
10:12:46,53.42,-0.02,24,128242,卖盘
10:12:51,53.44,0.02,5,26720,买盘
10:12:55,53.44,0.0,35,187025,买盘
10:12:57,53.44,0.0,26,138941,买盘
10:13:00,53.43,-0.01,19,101510,卖盘
10:13:05,53.4,-0.03,546,2915974,卖盘
10:13:07,53.42,0.02,24,128226,中性盘
10:13:09,53.4,-0.02,16,85460,卖盘
10:13:13,53.42,0.02,11,58762,买盘
10:13:15,53.41,-0.01,71,379266,中性盘
10:13:19,53.4,-0.01,59,311450,卖盘
10:13:21,53.4,0.0,175,938247,卖盘
10:13:25,53.4,0.0,24,128160,买盘
10:13:27,53.4,0.0,10,53397,买盘
10:13:31,53.4,0.0,9,48058,买盘
10:13:33,53.4,0.0,29,154850,买盘
10:13:36,53.4,0.0,75,400443,买盘
10:13:40,53.4,0.0,70,373800,买盘
10:13:42,53.4,0.0,54,284616,买盘
10:13:46,53.39,-0.01,5,26699,卖盘
10:13:49,53.4,0.01,6,32044,卖盘
10:13:51,53.4,0.0,37,197580,卖盘
10:13:54,53.4,0.0,91,485940,卖盘
10:13:57,53.42,0.02,106,566102,买盘
10:14:01,53.42,0.0,105,560900,买盘
10:14:05,53.4,-0.02,61,325744,卖盘
10:14:07,53.4,0.0,37,197576,买盘
10:14:09,53.42,0.02,151,806513,买盘
10:14:12,53.4,-0.02,8,42726,卖盘
10:14:15,53.4,0.0,83,443226,卖盘
10:14:18,53.4,0.0,140,747600,买盘
10:14:21,53.4,0.0,32,170880,买盘
10:14:24,53.4,0.0,44,234960,卖盘
10:14:27,53.39,-0.01,381,2035973,卖盘
10:14:30,53.39,0.0,16,85424,买盘
10:14:33,53.38,-0.01,15,80074,卖盘
10:14:36,53.39,0.01,163,870252,买盘
10:14:39,53.39,0.0,31,165506,买盘
10:14:42,53.39,0.0,250,1332712,买盘
10:14:45,53.4,0.01,157,840185,买盘
10:14:49,53.4,0.0,10,53397,买盘
10:14:52,53.4,0.0,1,5340,买盘
10:14:55,53.4,0.0,9,48054,买盘
10:14:58,53.4,0.0,49,259842,买盘
10:15:00,53.4,0.0,33,176222,卖盘
10:15:04,53.41,0.01,17,90782,买盘
10:15:07,53.41,0.0,4,21363,买盘
10:15:10,53.4,-0.01,22,117498,卖盘
10:15:12,53.41,0.01,17,90793,买盘
10:15:15,53.41,0.0,54,288415,买盘
10:15:18,53.42,0.01,28,149569,买盘
10:15:22,53.42,0.0,7,37390,买盘
10:15:25,53.41,-0.01,21,112176,卖盘
10:15:27,53.41,0.0,20,106821,卖盘
10:15:30,53.42,0.01,20,106840,买盘
10:15:33,53.43,0.01,8,42735,买盘
10:15:36,53.42,-0.01,52,277784,卖盘
10:15:39,53.42,0.0,50,267110,卖盘
10:15:42,53.42,0.0,18,96167,卖盘
10:15:45,53.43,0.01,49,261847,买盘
10:15:49,53.45,0.02,15,80148,买盘
10:15:52,53.43,-0.02,6,32060,卖盘
10:15:55,53.45,0.02,12,64118,买盘
10:15:57,53.45,0.0,20,106894,买盘
10:16:00,53.39,-0.06,691,3692356,卖盘
10:16:04,53.39,0.0,58,309718,卖盘
10:16:06,53.4,0.01,88,469863,买盘
10:16:09,53.4,0.0,10,53400,买盘
10:16:12,53.4,0.0,7,37376,买盘
10:16:15,53.4,0.0,45,240298,买盘
10:16:18,53.4,0.0,86,459220,买盘
10:16:21,53.4,0.0,225,1201498,买盘
10:16:24,53.4,0.0,62,331070,买盘
10:16:28,53.4,0.0,71,379126,买盘
10:16:30,53.4,0.0,52,277680,买盘
10:16:33,53.43,0.03,164,874020,买盘
10:16:36,53.4,-0.03,98,523464,卖盘
10:16:40,53.4,0.0,259,1383078,卖盘
10:16:43,53.43,0.03,55,293775,买盘
10:16:46,53.44,0.01,21,112218,买盘
10:16:48,53.44,0.0,10,53445,卖盘
10:16:55,53.45,0.01,78,416908,买盘
10:16:57,53.45,0.0,52,277936,买盘
10:17:00,53.45,0.0,53,284190,买盘
10:17:05,53.48,0.03,23,122965,买盘
10:17:07,53.48,0.0,59,315432,买盘
10:17:10,53.47,-0.01,16,85540,中性盘
10:17:13,53.48,0.01,46,245915,买盘
10:17:15,53.45,-0.03,528,2821251,卖盘
10:17:18,53.45,0.0,48,256552,买盘
10:17:21,53.45,0.0,3,16034,买盘
10:17:24,53.45,0.0,36,192419,买盘
10:17:27,53.45,0.0,129,689482,买盘
10:17:30,53.5,0.05,204,1093482,买盘
10:17:33,53.5,0.0,71,379859,卖盘
10:17:37,53.51,0.01,1,5351,买盘
10:17:39,53.55,0.04,210,1125136,买盘
10:17:43,53.5,-0.05,166,888674,卖盘
10:17:45,53.56,0.06,61,326714,买盘
10:17:48,53.56,0.0,11,58917,卖盘
10:17:52,53.55,-0.01,115,615931,卖盘
10:17:55,53.55,0.0,16,85679,买盘
10:17:57,53.55,0.0,25,133861,买盘
10:18:01,53.55,0.0,54,289167,买盘
10:18:04,53.54,-0.01,11,58897,卖盘
10:18:07,53.54,0.0,17,91029,卖盘
10:18:09,53.56,0.02,50,267752,买盘
10:18:12,53.54,-0.02,64,342715,卖盘
10:18:16,53.5,-0.04,127,677114,卖盘
10:18:19,53.5,0.0,15,80250,买盘
10:18:21,53.5,0.0,15,80250,买盘
10:18:25,53.5,0.0,81,433350,买盘
10:18:28,53.5,0.0,57,304944,买盘
10:18:30,53.49,-0.01,4,21399,卖盘
10:18:33,53.49,0.0,61,326347,卖盘
10:18:36,53.49,0.0,42,224658,卖盘
10:18:39,53.5,0.01,12,64193,买盘
10:18:42,53.5,0.0,96,513571,买盘
10:18:45,53.5,0.0,128,687198,买盘
10:18:48,53.54,0.04,20,107080,买盘
10:18:52,53.55,0.01,64,342751,买盘
10:18:55,53.55,0.0,13,69615,卖盘
10:18:58,53.56,0.01,35,187444,买盘
10:19:01,53.54,-0.02,21,112409,卖盘
10:19:04,53.56,0.02,62,332029,买盘
10:19:06,53.55,-0.01,45,240979,卖盘
10:19:09,53.56,0.01,44,235664,买盘
10:19:13,53.56,0.0,87,465945,买盘
10:19:15,53.55,-0.01,146,781957,卖盘
10:19:18,53.49,-0.06,369,1972104,卖盘
10:19:21,53.48,-0.01,32,171165,卖盘
10:19:25,53.48,0.0,4,21392,卖盘
10:19:27,53.49,0.01,56,299539,买盘
10:19:31,53.48,-0.01,25,133724,卖盘
10:19:33,53.49,0.01,69,369066,买盘
10:19:37,53.49,0.0,49,262054,买盘
10:19:40,53.49,0.0,36,194971,买盘
10:19:43,53.5,0.01,6,32095,买盘
10:19:45,53.5,0.0,16,85598,中性盘
10:19:49,53.5,0.0,15,80306,卖盘
10:19:51,53.55,0.05,34,182041,买盘
10:19:54,53.5,-0.05,11,58900,卖盘
10:19:58,53.56,0.06,30,160677,买盘
10:20:01,53.54,-0.02,5,26769,卖盘
10:20:04,53.54,0.0,11,58894,买盘
10:20:07,53.53,-0.01,1,5353,卖盘
10:20:09,53.52,-0.01,8,42816,卖盘
10:20:12,53.54,0.02,137,733399,买盘
10:20:16,53.54,0.0,11,58891,买盘
10:20:18,53.54,0.0,20,107028,买盘
10:20:24,53.54,0.0,51,273052,买盘
10:20:28,53.54,0.0,22,117778,买盘
10:20:31,53.54,0.0,1,5354,买盘
10:20:33,53.52,-0.02,5,26760,买盘
10:20:36,53.52,0.0,42,224836,卖盘
10:20:40,53.51,-0.01,16,85616,卖盘
10:20:43,53.52,0.01,38,203370,买盘
10:20:46,53.52,0.0,55,294360,买盘
10:20:49,53.51,-0.01,97,519176,卖盘
10:20:52,53.52,0.01,91,486976,买盘
10:20:54,53.52,0.0,98,524477,买盘
10:20:58,53.52,0.0,73,390692,买盘
10:21:01,53.51,-0.01,74,395996,卖盘
10:21:04,53.52,0.01,46,246188,买盘
10:21:07,53.51,-0.01,64,342478,卖盘
10:21:09,53.52,0.01,78,417441,买盘
10:21:13,53.52,0.0,67,358576,买盘
10:21:15,53.52,0.0,21,112391,买盘
10:21:19,53.52,0.0,84,449564,买盘
10:21:21,53.52,0.0,126,674373,买盘
10:21:25,53.51,-0.01,115,615560,卖盘
10:21:28,53.52,0.01,66,353316,买盘
10:21:30,53.52,0.0,56,299749,买盘
10:21:33,53.52,0.0,52,278442,卖盘
10:21:37,53.52,0.0,38,203462,卖盘
10:21:39,53.52,0.0,53,283800,卖盘
10:21:43,53.55,0.03,45,240969,买盘
10:21:46,53.55,0.0,42,224893,买盘
10:21:48,53.55,0.0,26,139255,卖盘
10:21:51,53.56,0.01,21,112475,买盘
10:21:54,53.55,-0.01,58,310690,卖盘
10:21:58,53.55,0.0,37,198212,卖盘
10:22:00,53.52,-0.03,119,637168,卖盘
10:22:04,53.56,0.04,67,358852,买盘
10:22:07,53.55,-0.01,65,348102,卖盘
10:22:10,53.56,0.01,83,444526,买盘
10:22:12,53.56,0.0,129,690908,买盘
10:22:15,53.56,0.0,52,278464,买盘
10:22:19,53.53,-0.03,87,465954,卖盘
10:22:22,53.56,0.03,81,433722,买盘
10:22:24,53.56,0.0,40,214234,买盘
10:22:28,53.56,0.0,18,96396,买盘
10:22:30,53.56,0.0,51,273089,买盘
10:22:33,53.56,0.0,36,192807,买盘
10:22:37,53.55,-0.01,59,315958,卖盘
10:22:40,53.55,0.0,30,160659,买盘
10:22:42,53.56,0.01,114,610483,买盘
10:22:45,53.55,-0.01,44,232980,买盘
10:22:48,53.59,0.04,13,69667,买盘
10:22:51,53.56,-0.03,6,32151,卖盘
10:22:54,53.6,0.04,67,359083,买盘
10:22:57,53.59,-0.01,33,176877,中性盘
10:23:00,53.6,0.01,16,85760,买盘
10:23:04,53.6,0.0,7,37523,买盘
10:23:06,53.62,0.02,92,493301,买盘
10:23:10,53.63,0.01,57,305679,买盘
10:23:12,53.63,0.0,24,128737,卖盘
10:23:16,53.63,0.0,45,241361,卖盘
10:23:18,53.6,-0.03,366,1962289,卖盘
10:23:21,53.6,0.0,137,734320,买盘
10:23:25,53.65,0.05,197,1056440,买盘
10:23:27,53.67,0.02,83,445441,买盘
10:23:31,53.67,0.0,59,316678,卖盘
10:23:33,53.68,0.01,20,107350,买盘
10:23:36,53.66,-0.02,135,724470,卖盘
10:23:39,53.66,0.0,240,1287840,买盘
10:23:42,53.67,0.01,96,515157,买盘
10:23:45,53.68,0.01,32,171756,买盘
10:23:49,53.7,0.02,324,1739544,买盘
10:23:51,53.7,0.0,2,10740,卖盘
10:23:54,53.7,0.0,46,247031,卖盘
10:23:58,53.71,0.01,111,596177,买盘
10:24:01,53.72,0.01,607,3259715,买盘
10:24:04,53.72,0.0,39,209475,买盘
10:24:07,53.72,0.0,34,182618,买盘
10:24:10,53.72,0.0,68,365288,买盘
10:24:12,53.71,-0.01,68,365278,中性盘
10:24:16,53.72,0.01,44,236340,买盘
10:24:18,53.71,-0.01,64,343745,卖盘
10:24:21,53.7,-0.01,348,1868779,卖盘
10:24:25,53.68,-0.02,126,676576,卖盘
10:24:28,53.68,0.0,183,982535,卖盘
10:24:30,53.67,-0.01,82,440329,卖盘
10:24:33,53.68,0.01,101,542289,买盘
10:24:36,53.67,-0.01,55,295276,卖盘
10:24:39,53.67,0.0,98,526007,卖盘
10:24:42,53.67,0.0,51,273793,卖盘
10:24:45,53.68,0.01,45,241542,买盘
10:24:48,53.67,-0.01,45,241530,卖盘
10:24:51,53.67,0.0,26,139557,卖盘
10:24:55,53.67,0.0,94,504485,买盘
10:24:57,53.67,0.0,92,493760,买盘
10:25:01,53.67,0.0,64,343456,买盘
10:25:04,53.68,0.01,31,166357,买盘
10:25:07,53.65,-0.03,53,284504,卖盘
10:25:09,53.66,0.01,16,85848,买盘
10:25:13,53.63,-0.03,12,64377,卖盘
10:25:16,53.66,0.03,4,21464,买盘
10:25:18,53.65,-0.01,56,300474,卖盘
10:25:22,53.66,0.01,21,112700,买盘
10:25:24,53.66,0.0,22,118040,买盘
10:25:27,53.65,-0.01,31,166313,中性盘
10:25:30,53.62,-0.03,67,359312,卖盘
10:25:34,53.63,0.01,23,123349,买盘
10:25:37,53.61,-0.02,30,160857,卖盘
10:25:39,53.63,0.02,160,857986,买盘
10:25:43,53.61,-0.02,70,375340,卖盘
10:25:46,53.6,-0.01,118,632756,卖盘
10:25:49,53.61,0.01,70,375265,买盘
10:25:51,53.63,0.02,46,246670,买盘
10:25:55,53.63,0.0,16,85802,买盘
10:25:57,53.6,-0.03,83,444944,卖盘
10:26:00,53.63,0.03,100,536285,买盘
10:26:04,53.63,0.0,110,590015,卖盘
10:26:07,53.63,0.0,34,182441,卖盘
10:26:10,53.63,0.0,19,101936,卖盘
10:26:13,53.63,0.0,25,134073,买盘
10:26:15,53.63,0.0,35,187761,卖盘
10:26:19,53.63,0.0,25,134110,卖盘
10:26:21,53.62,-0.01,68,364652,卖盘
10:26:24,53.62,0.0,35,187670,买盘
10:26:28,53.62,0.0,20,107241,买盘
10:26:30,53.62,0.0,19,101875,买盘
10:26:33,53.64,0.02,12,64353,买盘
10:26:36,53.64,0.0,66,353930,买盘
10:26:39,53.64,0.0,27,144831,买盘
10:26:42,53.62,-0.02,23,123360,卖盘
10:26:46,53.62,0.0,38,203790,卖盘
10:26:48,53.63,0.01,26,139454,买盘
10:26:52,53.62,-0.01,79,423643,卖盘
10:26:55,53.64,0.02,64,343244,买盘
10:26:58,53.64,0.0,25,134119,卖盘
10:27:00,53.62,-0.02,96,514800,卖盘
10:27:04,53.64,0.02,19,101910,买盘
10:27:06,53.64,0.0,17,91193,卖盘
10:27:09,53.64,0.0,66,353948,买盘
10:27:12,53.61,-0.03,62,332484,卖盘
10:27:16,53.61,0.0,25,134063,卖盘
10:27:18,53.64,0.03,101,541745,买盘
10:27:22,53.63,-0.01,42,225277,卖盘
10:27:24,53.61,-0.02,94,503973,卖盘
10:27:27,53.6,-0.01,170,911245,卖盘
10:27:30,53.59,-0.01,98,525277,卖盘
10:27:34,53.6,0.01,145,777199,买盘
10:27:36,53.59,-0.01,73,391236,卖盘
10:27:39,53.6,0.01,271,1452650,买盘
10:27:42,53.6,0.0,107,573589,卖盘
10:27:46,53.6,0.0,51,273400,卖盘
10:27:49,53.58,-0.02,49,262647,中性盘
10:27:51,53.6,0.02,17,91128,买盘
10:27:55,53.56,-0.04,261,1398609,卖盘
10:27:57,53.6,0.04,101,541345,买盘
10:28:00,53.61,0.01,648,3473464,买盘
10:28:04,53.63,0.02,46,246676,买盘
10:28:07,53.63,0.0,76,407644,卖盘
10:28:09,53.63,0.0,53,284262,卖盘
10:28:13,53.64,0.01,66,353981,买盘
10:28:15,53.64,0.0,50,268182,买盘
10:28:19,53.64,0.0,59,316469,买盘
10:28:22,53.63,-0.01,52,278900,卖盘
10:28:24,53.63,0.0,44,236012,卖盘
10:28:28,53.63,0.0,31,166266,卖盘
10:28:31,53.63,0.0,16,85808,买盘
10:28:33,53.61,-0.02,18,96530,卖盘
10:28:36,53.61,0.0,12,64332,卖盘
10:28:40,53.61,0.0,31,166191,买盘
10:28:43,53.61,0.0,15,80410,买盘
10:28:46,53.6,-0.01,7,37524,卖盘
10:28:49,53.6,0.0,21,112560,卖盘
10:28:52,53.6,0.0,23,123280,买盘
10:28:54,53.59,-0.01,21,112558,中性盘
10:28:58,53.6,0.01,96,514634,买盘
10:29:00,53.59,-0.01,48,258394,卖盘
10:29:04,53.6,0.01,55,294853,中性盘
10:29:06,53.6,0.0,102,546744,卖盘
10:29:10,53.6,0.0,31,166190,卖盘
10:29:13,53.61,0.01,46,246590,买盘
10:29:16,53.61,0.0,33,176906,买盘
10:29:19,53.61,0.0,133,712992,卖盘
10:29:22,53.62,0.01,47,252055,卖盘
10:29:24,53.64,0.02,1047,5612277,买盘
10:29:28,53.64,0.0,231,1239057,买盘
10:29:30,53.63,-0.01,36,193059,买盘
10:29:33,53.64,0.01,35,187737,买盘
10:29:37,53.63,-0.01,70,375420,卖盘
10:29:40,53.63,0.0,215,1153219,卖盘
10:29:42,53.63,0.0,298,1598170,买盘
10:29:46,53.63,0.0,115,616745,买盘
10:29:49,53.63,0.0,94,504102,买盘
10:29:51,53.64,0.01,75,402290,买盘
10:29:54,53.63,-0.01,39,209155,买盘
10:29:57,53.62,-0.01,40,214515,卖盘
10:30:01,53.65,0.03,34,182689,买盘
10:30:05,53.67,0.02,55,295122,买盘
10:30:07,53.65,-0.02,18,96604,卖盘
10:30:09,53.67,0.02,5,26835,买盘
10:30:12,53.67,0.0,36,193185,买盘
10:30:15,53.67,0.0,14,75147,买盘
10:30:19,53.67,0.0,18,96612,卖盘
10:30:22,53.67,0.0,26,139551,卖盘
10:30:25,53.66,-0.01,40,214709,卖盘
10:30:28,53.66,0.0,36,193225,卖盘
10:30:30,53.68,0.02,82,440755,买盘
10:30:33,53.68,0.0,30,161066,卖盘
10:30:37,53.69,0.01,100,536860,买盘
10:30:39,53.7,0.01,68,365141,买盘
10:30:42,53.69,-0.01,64,343607,买盘
10:30:46,53.69,0.0,42,225525,卖盘
10:30:49,53.66,-0.03,897,4816784,卖盘
10:30:52,53.69,0.03,200,1073981,买盘
10:30:54,53.69,0.0,230,1234985,买盘
10:30:57,53.66,-0.03,92,493942,卖盘
10:31:01,53.66,0.0,56,300645,卖盘
10:31:04,53.66,0.0,81,434697,卖盘
10:31:06,53.7,0.04,38,204008,买盘
10:31:09,53.7,0.0,56,300722,卖盘
10:31:12,53.7,0.0,68,365160,卖盘
10:31:16,53.7,0.0,236,1267307,卖盘
10:31:19,53.66,-0.04,70,375806,卖盘
10:31:22,53.68,0.02,296,1589487,中性盘
10:31:24,53.7,0.02,9,48329,买盘
10:31:28,53.7,0.0,9,48326,买盘
10:31:30,53.68,-0.02,131,703449,卖盘
10:31:34,53.69,0.01,10,53690,买盘
10:31:36,53.69,0.0,49,263081,买盘
10:31:40,53.68,-0.01,23,123466,卖盘
10:31:42,53.68,0.0,68,365026,卖盘
10:31:46,53.68,0.0,43,230861,卖盘
10:31:48,53.68,0.0,7,37576,买盘
10:31:51,53.69,0.01,123,660586,买盘
10:31:55,53.69,0.0,94,504609,买盘
10:31:57,53.68,-0.01,59,316757,卖盘
10:32:00,53.69,0.01,67,359743,卖盘
10:32:05,53.69,0.0,7,37583,买盘
10:32:07,53.69,0.0,5,26843,买盘
10:32:10,53.69,0.0,81,434887,买盘
10:32:13,53.68,-0.01,15,80529,卖盘
10:32:16,53.69,0.01,11,59057,买盘
10:32:18,53.68,-0.01,267,1433186,卖盘
10:32:22,53.68,0.0,75,402600,买盘
10:32:24,53.67,-0.01,9,48303,卖盘
10:32:27,53.66,-0.01,4,21464,卖盘
10:32:30,53.64,-0.02,65,348405,卖盘
10:32:36,53.64,0.0,33,177012,卖盘
10:32:39,53.65,0.01,38,203842,买盘
10:32:43,53.64,-0.01,15,80468,卖盘
10:32:45,53.65,0.01,82,440249,买盘
10:32:49,53.65,0.0,27,144857,卖盘
10:32:51,53.65,0.0,33,177045,卖盘
10:32:57,53.65,0.0,9,48287,卖盘
10:33:01,53.65,0.0,23,123395,卖盘
10:33:04,53.65,0.0,106,568768,卖盘
10:33:07,53.67,0.02,60,321928,买盘
10:33:10,53.65,-0.02,9,48285,卖盘
10:33:13,53.66,0.01,5,26826,买盘
10:33:16,53.66,0.0,65,348726,买盘
10:33:18,53.65,-0.01,19,101613,卖盘
10:33:22,53.64,-0.01,13,69738,卖盘
10:33:24,53.64,0.0,25,134120,卖盘
10:33:28,53.64,0.0,68,364803,卖盘
10:33:30,53.64,0.0,45,241380,卖盘
10:33:33,53.64,0.0,33,177016,买盘
10:33:36,53.63,-0.01,1,5363,卖盘
10:33:39,53.64,0.01,3,16092,买盘
10:33:43,53.63,-0.01,135,724005,卖盘
10:33:46,53.64,0.01,42,225269,买盘
10:33:48,53.63,-0.01,32,171619,卖盘
10:33:51,53.63,0.0,51,273512,卖盘
10:33:54,53.63,0.0,2,10726,卖盘
10:33:57,53.63,0.0,55,294991,买盘
10:34:00,53.63,0.0,61,327154,买盘
10:34:05,53.63,0.0,7,37541,卖盘
10:34:06,53.61,-0.02,228,1222326,卖盘
10:34:10,53.61,0.0,52,278768,买盘
10:34:12,53.6,-0.01,12,64320,卖盘
10:34:15,53.6,0.0,47,251950,卖盘
10:34:18,53.6,0.0,31,166165,卖盘
10:34:21,53.6,0.0,63,337727,卖盘
10:34:25,53.6,0.0,58,310931,卖盘
10:34:28,53.61,0.01,143,766502,买盘
10:34:34,53.63,0.02,193,1034944,买盘
10:34:36,53.63,0.0,89,477307,卖盘
10:34:40,53.63,0.0,2,10726,卖盘
10:34:42,53.63,0.0,13,69720,卖盘
10:34:46,53.63,0.0,17,91172,卖盘
10:34:49,53.63,0.0,32,171639,卖盘
10:34:51,53.64,0.01,35,187736,买盘
10:34:54,53.63,-0.01,80,429050,卖盘
10:34:57,53.63,0.0,97,520211,卖盘
10:35:00,53.63,0.0,14,75075,买盘
10:35:04,53.62,-0.01,9,48258,买盘
10:35:07,53.62,0.0,57,305639,卖盘
10:35:10,53.63,0.01,14,75069,买盘
10:35:13,53.63,0.0,71,380772,买盘
10:35:16,53.62,-0.01,7,37536,卖盘
10:35:19,53.62,0.0,4,21448,卖盘
10:35:21,53.62,0.0,15,80430,卖盘
10:35:25,53.62,0.0,1005,5387799,卖盘
10:35:27,53.62,0.0,20,107233,买盘
10:35:30,53.62,0.0,34,182286,买盘
10:35:34,53.6,-0.02,3,16080,卖盘
10:35:36,53.6,0.0,53,284191,卖盘
10:35:40,53.61,0.01,1,5361,买盘
10:35:42,53.61,0.0,50,268005,买盘
10:35:46,53.6,-0.01,2,10720,卖盘
10:35:48,53.62,0.02,21,112584,买盘
10:35:52,53.61,-0.01,17,91134,卖盘
10:35:55,53.6,-0.01,369,1978175,卖盘
10:35:58,53.6,0.0,36,192960,卖盘
10:36:01,53.62,0.02,32,171537,买盘
10:36:04,53.61,-0.01,66,353801,买盘
10:36:07,53.61,0.0,20,107220,卖盘
10:36:09,53.62,0.01,44,235876,买盘
10:36:13,53.62,0.0,9,48258,卖盘
10:36:16,53.6,-0.02,2,10720,卖盘
10:36:19,53.6,0.0,23,123284,卖盘
10:36:22,53.61,0.01,38,203776,卖盘
10:36:25,53.61,0.0,7,37532,卖盘
10:36:27,53.6,-0.01,10,53608,卖盘
10:36:31,53.63,0.03,61,327039,买盘
10:36:33,53.62,-0.01,30,160871,卖盘
10:36:37,53.62,0.0,5,26810,买盘
10:36:39,53.63,0.01,13,69714,买盘
10:36:43,53.6,-0.03,104,557125,卖盘
10:36:45,53.62,0.02,201,1077702,买盘
10:36:49,53.63,0.01,21,112289,买盘
10:36:51,53.63,0.0,1,5363,买盘
10:36:54,53.62,-0.01,45,241281,买盘
10:36:58,53.6,-0.02,104,557440,卖盘
10:37:01,53.6,0.0,3,16082,卖盘
10:37:04,53.62,0.02,50,268099,买盘
10:37:06,53.61,-0.01,43,230559,卖盘
10:37:12,53.6,-0.01,157,841671,卖盘
10:37:21,53.62,0.02,98,525301,买盘
10:37:25,53.62,0.0,163,873932,买盘
10:37:28,53.62,0.0,12,64348,卖盘
10:37:31,53.62,0.0,11,58982,卖盘
10:37:34,53.62,0.0,8,42896,卖盘
10:37:36,53.62,0.0,40,214482,卖盘
10:37:40,53.62,0.0,21,112602,卖盘
10:37:42,53.61,-0.01,8,42892,卖盘
10:37:45,53.61,0.0,2,10722,卖盘
10:37:48,53.61,0.0,7,37526,买盘
10:37:52,53.61,0.0,15,80405,买盘
10:37:54,53.6,-0.01,57,305616,卖盘
10:37:58,53.6,0.0,14,75050,卖盘
10:38:00,53.61,0.01,41,219799,买盘
10:38:04,53.61,0.0,1,5361,卖盘
10:38:07,53.61,0.0,3,16083,卖盘
10:38:10,53.62,0.01,20,107240,买盘
10:38:12,53.6,-0.02,131,702289,卖盘
10:38:16,53.6,0.0,29,155440,卖盘
10:38:18,53.61,0.01,5,26801,买盘
10:38:22,53.61,0.0,79,423499,买盘
10:38:25,53.6,-0.01,22,117920,卖盘
10:38:28,53.6,0.0,55,294802,卖盘
10:38:30,53.59,-0.01,13,69678,卖盘
10:38:34,53.59,0.0,42,225117,卖盘
10:38:37,53.57,-0.02,96,514409,卖盘
10:38:40,53.6,0.03,8,42877,中性盘
10:38:42,53.59,-0.01,138,739615,卖盘
10:38:49,53.6,0.01,17,91120,卖盘
10:38:51,53.59,-0.01,2,10719,卖盘
10:38:58,53.59,0.0,20,107181,卖盘
10:39:01,53.59,0.0,6,32155,卖盘
10:39:05,53.59,0.0,86,460954,卖盘
10:39:07,53.59,0.0,2,10718,卖盘
10:39:10,53.59,0.0,2,10718,卖盘
10:39:12,53.6,0.01,11,58953,买盘
10:39:15,53.59,-0.01,43,230443,卖盘
10:39:22,53.59,0.0,76,407307,卖盘
10:39:24,53.6,0.01,52,278713,买盘
10:39:27,53.59,-0.01,223,1195061,卖盘
10:39:33,53.58,-0.01,5,26790,卖盘
10:39:36,53.58,0.0,28,150029,卖盘
10:39:39,53.58,0.0,3,16074,买盘
10:39:42,53.57,-0.01,19,100658,卖盘
10:39:45,53.56,-0.01,25,133921,卖盘
10:39:48,53.56,0.0,2,10712,卖盘
10:39:58,53.56,0.0,21,112476,卖盘
10:40:01,53.56,0.0,1,5356,卖盘
10:40:04,53.57,0.01,6,32142,买盘
10:40:06,53.56,-0.01,24,128563,卖盘
10:40:10,53.56,0.0,24,128560,卖盘
10:40:12,53.56,0.0,64,342839,卖盘
10:40:16,53.58,0.02,31,166098,买盘
10:40:19,53.57,-0.01,11,58936,卖盘
10:40:21,53.58,0.01,10,53575,买盘
10:40:24,53.58,0.0,12,64290,买盘
10:40:27,53.56,-0.02,101,541239,卖盘
10:40:30,53.56,0.0,198,1060490,卖盘
10:40:33,53.57,0.01,39,208977,买盘
10:40:37,53.57,0.0,14,75008,中性盘
10:40:39,53.58,0.01,14,75009,中性盘
10:40:43,53.56,-0.02,42,225032,卖盘
10:40:46,53.58,0.02,37,198213,买盘
10:40:48,53.58,0.0,22,117838,买盘
10:40:51,53.56,-0.02,60,321476,卖盘
10:40:54,53.58,0.02,13,69654,买盘
10:40:57,53.58,0.0,15,80370,卖盘
10:41:00,53.58,0.0,7,37511,卖盘
10:41:05,53.58,0.0,100,535875,卖盘
10:41:07,53.58,0.0,23,123235,卖盘
10:41:10,53.58,0.0,33,176816,卖盘
10:41:13,53.57,-0.01,157,841366,卖盘
10:41:16,53.59,0.02,5,26795,卖盘
10:41:19,53.6,0.01,5,26800,买盘
10:41:25,53.59,-0.01,13,69672,卖盘
10:41:27,53.59,0.0,144,771972,卖盘
10:41:30,53.6,0.01,13,69674,卖盘
10:41:33,53.61,0.01,90,482322,买盘
10:41:37,53.6,-0.01,35,187622,中性盘
10:41:40,53.6,0.0,3,16080,卖盘
10:41:43,53.6,0.0,67,359144,卖盘
10:41:46,53.6,0.0,21,112563,卖盘
10:41:48,53.61,0.01,16,85774,买盘
10:41:54,53.61,0.0,28,150126,买盘
10:41:58,53.61,0.0,16,85778,卖盘
10:42:00,53.61,0.0,17,91138,卖盘
10:42:04,53.61,0.0,14,75054,卖盘
10:42:07,53.61,0.0,4,21444,买盘
10:42:10,53.61,0.0,16,85774,买盘
10:42:13,53.6,-0.01,134,721867,卖盘
10:42:16,53.61,0.01,11,58961,买盘
10:42:18,53.61,0.0,17,91125,买盘
10:42:21,53.61,0.0,11,58970,买盘
10:42:24,53.61,0.0,13,69697,卖盘
10:42:27,53.61,0.0,17,91137,卖盘
10:42:31,53.61,0.0,12,64332,卖盘
10:42:33,53.61,0.0,18,96505,卖盘
10:42:37,53.62,0.01,6,32171,中性盘
10:42:39,53.62,0.0,21,112600,买盘
10:42:43,53.6,-0.02,77,412827,卖盘
10:42:45,53.59,-0.01,95,509174,卖盘
10:42:48,53.59,0.0,71,380507,卖盘
10:42:51,53.59,0.0,68,364493,卖盘
10:42:55,53.6,0.01,23,123278,中性盘
10:42:58,53.59,-0.01,5,26795,卖盘
10:43:01,53.59,0.0,32,171518,卖盘
10:43:04,53.6,0.01,173,927190,买盘
10:43:07,53.58,-0.02,51,273293,卖盘
10:43:10,53.59,0.01,1,5359,买盘
10:43:12,53.59,0.0,24,128612,买盘
10:43:16,53.59,0.0,15,80372,买盘
10:43:19,53.59,0.0,9,48230,中性盘
10:43:21,53.6,0.01,54,289440,买盘
10:43:25,53.59,-0.01,7,37513,卖盘
10:43:28,53.59,0.0,6,32154,卖盘
10:43:31,53.6,0.01,10,53600,买盘
10:43:33,53.61,0.01,406,2176459,买盘
10:43:36,53.61,0.0,75,400306,卖盘
10:43:39,53.63,0.02,38,203735,买盘
10:43:43,53.6,-0.03,4,21442,卖盘
10:43:45,53.6,0.0,4,23209,买盘
10:43:49,53.6,0.0,2,10720,卖盘
10:43:51,53.6,0.0,52,278766,卖盘
10:43:54,53.6,0.0,3,16080,买盘
10:43:58,53.58,-0.02,24,126848,卖盘
10:44:04,53.6,0.02,14,75052,卖盘
10:44:07,53.6,0.0,7,37520,卖盘
10:44:10,53.6,0.0,14,75048,卖盘
10:44:12,53.61,0.01,18,96481,买盘
10:44:19,53.6,-0.01,23,123280,卖盘
10:44:21,53.61,0.01,4,21441,买盘
10:44:25,53.6,-0.01,14,75045,卖盘
10:44:27,53.61,0.01,6,32164,买盘
10:44:30,53.6,-0.01,11,58962,卖盘
10:44:34,53.6,0.0,5,26800,卖盘
10:44:36,53.61,0.01,36,192959,买盘
10:44:39,53.6,-0.01,67,359170,卖盘
10:44:42,53.6,0.0,26,139361,买盘
10:44:46,53.6,0.0,6,32160,买盘
10:44:49,53.59,-0.01,29,155439,中性盘
10:44:52,53.58,-0.01,62,332257,卖盘
10:44:54,53.61,0.03,24,128658,买盘
10:44:58,53.6,-0.01,20,107219,卖盘
10:45:04,53.61,0.01,43,230555,买盘
10:45:07,53.61,0.0,3,16083,卖盘
10:45:10,53.62,0.01,5,26810,买盘
10:45:12,53.62,0.0,56,300268,买盘
10:45:16,53.62,0.0,5,26810,买盘
10:45:18,53.62,0.0,2,10724,卖盘
10:45:21,53.63,0.01,3,16089,买盘
10:45:24,53.64,0.01,349,1868855,买盘
10:45:27,53.64,0.0,36,193104,卖盘
10:45:30,53.65,0.01,3,16095,买盘
10:45:33,53.65,0.0,2,10730,买盘
10:45:36,53.65,0.0,76,407736,买盘
10:45:40,53.65,0.0,3,16093,买盘
10:45:42,53.64,-0.01,30,160944,卖盘
10:45:45,53.65,0.01,56,300412,买盘
10:45:48,53.62,-0.03,154,829046,卖盘
10:45:51,53.62,0.0,13,69706,卖盘
10:45:55,53.61,-0.01,72,386015,卖盘
10:45:58,53.6,-0.01,30,160824,卖盘
10:46:01,53.61,0.01,15,80402,中性盘
10:46:04,53.6,-0.01,5,26800,卖盘
10:46:07,53.6,0.0,22,117920,卖盘
10:46:10,53.61,0.01,3,16081,买盘
10:46:12,53.6,-0.01,8,42882,卖盘
10:46:16,53.6,0.0,12,64320,卖盘
10:46:18,53.6,0.0,7,37517,买盘
10:46:21,53.6,0.0,5,26798,买盘
10:46:25,53.6,0.0,18,96468,买盘
10:46:28,53.58,-0.02,6,32151,卖盘
10:46:31,53.58,0.0,14,75013,卖盘
10:46:34,53.58,0.0,75,403653,卖盘
10:46:37,53.57,-0.01,27,144639,卖盘
10:46:40,53.57,0.0,29,155376,买盘
10:46:42,53.56,-0.01,35,187461,卖盘
10:46:46,53.56,0.0,39,208884,卖盘
10:46:48,53.57,0.01,34,182103,买盘
10:46:55,53.55,-0.02,10,53551,卖盘
10:46:57,53.55,0.0,6,32130,卖盘
10:47:01,53.56,0.01,60,321329,买盘
10:47:04,53.55,-0.01,50,267817,卖盘
10:47:07,53.55,0.0,140,749775,卖盘
10:47:09,53.55,0.0,1,5355,买盘
10:47:13,53.54,-0.01,58,310586,卖盘
10:47:16,53.55,0.01,13,69612,买盘
10:47:18,53.54,-0.01,9,48187,卖盘
10:47:21,53.55,0.01,55,294495,买盘
10:47:27,53.53,-0.02,10,53533,卖盘
10:47:31,53.53,0.0,49,262297,卖盘
10:47:33,53.53,0.0,22,117770,卖盘
10:47:37,53.53,0.0,20,107060,买盘
10:47:39,53.52,-0.01,107,572664,卖盘
10:47:43,53.51,-0.01,54,289021,卖盘
10:47:45,53.51,0.0,159,851084,卖盘
10:47:48,53.53,0.02,95,508527,买盘
10:47:51,53.54,0.01,91,487041,买盘
10:47:54,53.54,0.0,1,5354,买盘
10:47:58,53.51,-0.03,26,139126,卖盘
10:48:00,53.52,0.01,11,58875,中性盘
10:48:07,53.52,0.0,13,69578,卖盘
10:48:10,53.53,0.01,9,48169,买盘
10:48:12,53.52,-0.01,18,96331,买盘
10:48:15,53.52,0.0,2,10704,买盘
10:48:18,53.52,0.0,9,48171,买盘
10:48:22,53.52,0.0,5,26760,中性盘
10:48:25,53.51,-0.01,39,208703,卖盘
10:48:28,53.51,0.0,13,69567,卖盘
10:48:30,53.51,0.0,15,80265,卖盘
10:48:33,53.51,0.0,26,139174,卖盘
10:48:36,53.53,0.02,3,16057,买盘
10:48:39,53.51,-0.02,13,69563,卖盘
10:48:42,53.51,0.0,18,96318,卖盘
10:48:46,53.51,0.0,47,251501,卖盘
10:48:48,53.51,0.0,32,171230,买盘
10:48:51,53.51,0.0,64,342581,中性盘
10:48:55,53.52,0.01,5,26760,中性盘
10:48:57,53.52,0.0,8,42816,卖盘
10:49:01,53.52,0.0,2,10703,买盘
10:49:05,53.52,0.0,9,48168,买盘
10:49:07,53.52,0.0,57,305067,买盘
10:49:09,53.51,-0.01,98,524421,卖盘
10:49:13,53.55,0.04,26,139191,买盘
10:49:15,53.55,0.0,13,69615,卖盘
10:49:18,53.55,0.0,2,10710,卖盘
10:49:22,53.58,0.03,1,5358,买盘
10:49:25,53.59,0.01,11,58947,买盘
10:49:28,53.59,0.0,11,58949,卖盘
10:49:31,53.59,0.0,20,107185,卖盘
10:49:34,53.58,-0.01,65,348322,卖盘
10:49:37,53.58,0.0,16,85728,卖盘
10:49:40,53.58,0.0,8,42864,卖盘
10:49:43,53.55,-0.03,25,133938,卖盘
10:49:45,53.57,0.02,1,5357,中性盘
10:49:49,53.58,0.01,21,112492,买盘
10:49:51,53.57,-0.01,18,96412,中性盘
10:49:55,53.57,0.0,49,262519,卖盘
10:49:57,53.55,-0.02,4,21420,卖盘
10:50:01,53.58,0.03,81,433876,买盘
10:50:05,53.58,0.0,40,214320,卖盘
10:50:07,53.58,0.0,17,91086,卖盘
10:50:10,53.58,0.0,80,428621,卖盘
10:50:12,53.56,-0.02,25,133889,卖盘
10:50:15,53.56,0.0,7,37492,卖盘
10:50:19,53.56,0.0,2,10713,卖盘
10:50:22,53.53,-0.03,125,669366,卖盘
10:50:24,53.53,0.0,3,16057,买盘
10:50:27,53.53,0.0,23,123109,买盘
10:50:30,53.52,-0.01,8,42822,卖盘
10:50:34,53.53,0.01,12,64230,买盘
10:50:36,53.52,-0.01,73,390696,卖盘
10:50:39,53.52,0.0,3,16056,卖盘
10:50:43,53.51,-0.01,4,21404,卖盘
10:50:45,53.51,0.0,2,10702,卖盘
10:50:48,53.52,0.01,3,16054,买盘
10:50:52,53.52,0.0,25,133793,买盘
10:50:54,53.51,-0.01,16,85616,卖盘
10:50:57,53.51,0.0,185,990182,卖盘
10:51:00,53.51,0.0,2,10702,卖盘
10:51:04,53.51,0.0,10,53510,卖盘
10:51:06,53.54,0.03,27,144551,买盘
10:51:10,53.51,-0.03,114,610161,卖盘
10:51:12,53.52,0.01,16,85622,中性盘
10:51:18,53.52,0.0,2,10704,卖盘
10:51:22,53.54,0.02,2,10706,买盘
10:51:24,53.52,-0.02,40,214148,卖盘
10:51:27,53.52,0.0,34,181964,卖盘
10:51:31,53.52,0.0,5,26760,买盘
10:51:34,53.52,0.0,44,235487,买盘
10:51:40,53.52,0.0,5,26760,买盘
10:51:42,53.51,-0.01,10,53512,卖盘
10:51:46,53.51,0.0,92,492340,卖盘
10:51:48,53.51,0.0,3,16053,卖盘
10:51:51,53.51,0.0,12,64212,卖盘
10:51:54,53.52,0.01,38,203354,买盘
10:51:57,53.51,-0.01,55,294347,卖盘
10:52:00,53.52,0.01,5,26760,买盘
10:52:04,53.48,-0.04,1741,9314530,卖盘
10:52:06,53.48,0.0,48,256707,卖盘
10:52:09,53.48,0.0,4,21392,卖盘
10:52:13,53.48,0.0,6,32088,卖盘
10:52:15,53.48,0.0,18,96270,卖盘
10:52:19,53.48,0.0,36,192529,卖盘
10:52:22,53.48,0.0,30,160442,卖盘
10:52:25,53.48,0.0,13,69524,卖盘
10:52:27,53.48,0.0,21,112308,卖盘
10:52:31,53.48,0.0,59,315556,卖盘
10:52:33,53.48,0.0,20,106961,卖盘
10:52:36,53.47,-0.01,56,299483,卖盘
10:52:43,53.46,-0.01,30,160406,卖盘
10:52:46,53.47,0.01,4,21388,买盘
10:52:49,53.46,-0.01,22,117612,卖盘
10:52:51,53.46,0.0,42,224532,卖盘
10:52:55,53.47,0.01,43,229920,买盘
10:52:57,53.47,0.0,50,267322,买盘
10:53:01,53.46,-0.01,5,26730,卖盘
10:53:04,53.45,-0.01,10,53450,卖盘
10:53:07,53.46,0.01,33,176418,买盘
10:53:09,53.46,0.0,17,90882,卖盘
10:53:12,53.46,0.0,76,406296,卖盘
10:53:15,53.46,0.0,7,37422,卖盘
10:53:18,53.46,0.0,30,160371,卖盘
10:53:22,53.47,0.01,11,58808,买盘
10:53:24,53.47,0.0,4,21386,买盘
10:53:28,53.46,-0.01,27,144344,卖盘
10:53:31,53.46,0.0,8,42768,卖盘
10:53:34,53.46,0.0,62,331489,卖盘
10:53:37,53.46,0.0,18,96230,卖盘
10:53:39,53.46,0.0,37,197805,卖盘
10:53:43,53.46,0.0,33,176419,买盘
10:53:45,53.45,-0.01,95,507904,卖盘
10:53:48,53.45,0.0,41,219145,卖盘
10:53:52,53.41,-0.04,393,2100096,卖盘
10:53:55,53.47,0.06,35,187140,买盘
10:53:58,53.44,-0.03,41,219200,卖盘
10:54:00,53.44,0.0,19,101510,买盘
10:54:05,53.42,-0.02,29,154950,卖盘
10:54:07,53.44,0.02,29,154903,买盘
10:54:10,53.42,-0.02,52,277882,卖盘
10:54:12,53.42,0.0,4,21368,卖盘
10:54:16,53.41,-0.01,89,475538,卖盘
10:54:19,53.41,0.0,41,219007,卖盘
10:54:22,53.44,0.03,50,267118,买盘
10:54:25,53.42,-0.02,41,219084,卖盘
10:54:27,53.42,0.0,25,133548,卖盘
10:54:30,53.42,0.0,2,10684,卖盘
10:54:34,53.44,0.02,38,203035,买盘
10:54:37,53.42,-0.02,28,149594,卖盘
10:54:40,53.42,0.0,1,5342,买盘
10:54:43,53.42,0.0,27,144234,买盘
10:54:45,53.42,0.0,89,472767,卖盘
10:54:49,53.42,0.0,9,48078,卖盘
10:54:51,53.43,0.01,8,42744,买盘
10:54:55,53.42,-0.01,119,635746,卖盘
10:54:57,53.43,0.01,19,101531,中性盘
10:55:01,53.43,0.0,45,240453,卖盘
10:55:05,53.44,0.01,24,128242,买盘
10:55:07,53.43,-0.01,27,144284,卖盘
10:55:09,53.43,0.0,2,10686,卖盘
10:55:13,53.45,0.02,20,106898,买盘
10:55:15,53.45,0.0,10,53450,卖盘
10:55:19,53.45,0.0,9,48105,卖盘
10:55:21,53.47,0.02,20,106930,买盘
10:55:25,53.45,-0.02,25,133628,卖盘
10:55:28,53.45,0.0,5,26723,买盘
10:55:31,53.44,-0.01,7,37402,中性盘
10:55:34,53.43,-0.01,30,160298,卖盘
10:55:36,53.45,0.02,3,16031,买盘
10:55:40,53.43,-0.02,10,53432,卖盘
10:55:42,53.43,0.0,7,37401,卖盘
10:55:46,53.43,0.0,344,1838363,卖盘
10:55:48,53.42,-0.01,45,240433,卖盘
10:55:52,53.43,0.01,23,122888,买盘
10:55:55,53.44,0.01,9,48090,买盘
10:55:57,53.44,0.0,34,181735,卖盘
10:56:01,53.47,0.03,37,197796,买盘
10:56:05,53.44,-0.03,40,213838,卖盘
10:56:07,53.44,0.0,5,26720,卖盘
10:56:12,53.43,-0.01,50,267196,卖盘
10:56:16,53.43,0.0,5,26717,卖盘
10:56:18,53.43,0.0,9,48087,卖盘
10:56:22,53.43,0.0,70,374057,卖盘
10:56:24,53.43,0.0,33,176319,卖盘
10:56:28,53.43,0.0,11,58778,卖盘
10:56:31,53.43,0.0,4,21372,卖盘
10:56:34,53.43,0.0,19,101517,卖盘
10:56:37,53.42,-0.01,29,154928,卖盘
10:56:39,53.43,0.01,22,117566,卖盘
10:56:43,53.42,-0.01,27,144257,卖盘
10:56:45,53.42,0.0,87,467427,卖盘
10:56:48,53.42,0.0,28,149578,买盘
10:56:52,53.43,0.01,31,165622,买盘
10:56:54,53.41,-0.02,100,534149,卖盘
10:56:57,53.41,0.0,26,138912,卖盘
10:57:01,53.44,0.03,39,208371,买盘
10:57:04,53.41,-0.03,32,170982,卖盘
10:57:07,53.41,0.0,33,176307,卖盘
10:57:09,53.41,0.0,9,48081,卖盘
10:57:12,53.41,0.0,20,106842,卖盘
10:57:16,53.43,0.02,6,32058,买盘
10:57:19,53.41,-0.02,5,26707,卖盘
10:57:22,53.41,0.0,5,26708,卖盘
10:57:24,53.41,0.0,10,53413,卖盘
10:57:27,53.41,0.0,19,101490,卖盘
10:57:31,53.42,0.01,6,32052,卖盘
10:57:34,53.42,0.0,11,58759,买盘
10:57:36,53.42,0.0,45,240360,买盘
10:57:40,53.42,0.0,40,213680,卖盘
10:57:43,53.42,0.0,55,293806,买盘
10:57:45,53.41,-0.01,66,352518,卖盘
10:57:48,53.41,0.0,22,117522,卖盘
10:57:51,53.42,0.01,10,53411,买盘
10:57:54,53.41,-0.01,39,208352,卖盘
10:57:58,53.41,0.0,20,106855,卖盘
10:58:00,53.41,0.0,43,229667,卖盘
10:58:05,53.42,0.01,45,240381,买盘
10:58:07,53.41,-0.01,121,645448,卖盘
10:58:10,53.41,0.0,12,64092,买盘
10:58:12,53.41,0.0,3,16023,买盘
10:58:16,53.41,0.0,90,480713,买盘
10:58:18,53.41,0.0,24,128185,卖盘
10:58:22,53.4,-0.01,47,251020,卖盘
10:58:24,53.41,0.01,27,144218,买盘
10:58:28,53.41,0.0,202,1078682,买盘
10:58:31,53.4,-0.01,9,48060,卖盘
10:58:33,53.41,0.01,3,16023,买盘
10:58:37,53.4,-0.01,16,85448,卖盘
10:58:39,53.4,0.0,4,21360,卖盘
10:58:43,53.4,0.0,658,3513580,卖盘
10:58:45,53.4,0.0,6,32036,买盘
10:58:49,53.4,0.0,23,122819,买盘
10:58:51,53.39,-0.01,17,90770,卖盘
10:58:54,53.4,0.01,71,379126,买盘
10:58:57,53.39,-0.01,6,32034,卖盘
10:59:00,53.41,0.02,455,2429907,买盘
10:59:04,53.41,0.0,357,1906737,卖盘
10:59:06,53.42,0.01,49,261756,买盘
10:59:09,53.42,0.0,33,176286,卖盘
10:59:13,53.43,0.01,137,731990,买盘
10:59:15,53.43,0.0,5,26715,卖盘
10:59:19,53.43,0.0,72,384716,卖盘
10:59:22,53.43,0.0,79,419462,卖盘
10:59:25,53.44,0.01,16,85504,卖盘
10:59:27,53.46,0.02,8,42754,买盘
10:59:31,53.44,-0.02,51,272544,卖盘
10:59:34,53.46,0.02,15,80184,买盘
10:59:37,53.44,-0.02,6,32072,卖盘
10:59:39,53.45,0.01,14,74830,买盘
10:59:42,53.45,0.0,7,37414,买盘
10:59:46,53.44,-0.01,215,1148800,卖盘
10:59:48,53.44,0.0,1,5344,买盘
10:59:54,53.44,0.0,1,5344,买盘
10:59:57,53.43,-0.01,23,122910,卖盘
11:00:01,53.43,0.0,16,85498,卖盘
11:00:05,53.43,0.0,12,64121,卖盘
11:00:07,53.43,0.0,88,472962,卖盘
11:00:09,53.43,0.0,4,21371,买盘
11:00:15,53.42,-0.01,33,176329,卖盘
11:00:19,53.43,0.01,3,16029,中性盘
11:00:25,53.42,-0.01,94,502356,卖盘
11:00:27,53.43,0.01,10,53430,中性盘
11:00:31,53.43,0.0,10,53426,卖盘
11:00:33,53.43,0.0,52,277795,买盘
11:00:37,53.43,0.0,24,128228,买盘
11:00:39,53.42,-0.01,48,256416,卖盘
11:00:43,53.41,-0.01,184,982755,卖盘
11:00:45,53.42,0.01,10,53412,买盘
11:00:49,53.41,-0.01,38,202958,卖盘
11:00:52,53.41,0.0,20,106820,卖盘
11:00:55,53.42,0.01,1,5342,买盘
11:00:57,53.4,-0.02,270,1438508,卖盘
11:01:00,53.4,0.0,19,101458,买盘
11:01:04,53.39,-0.01,7,37377,卖盘
11:01:07,53.4,0.01,18,96120,买盘
11:01:10,53.39,-0.01,100,533977,卖盘
11:01:12,53.39,0.0,4,21356,买盘
11:01:15,53.38,-0.01,6,32028,卖盘
11:01:18,53.39,0.01,4,21355,买盘
11:01:21,53.39,0.0,1,5339,买盘
11:01:24,53.38,-0.01,12,64066,卖盘
11:01:28,53.38,0.0,12,64058,卖盘
11:01:30,53.38,0.0,49,261568,卖盘
11:01:34,53.38,0.0,25,133450,卖盘
11:01:37,53.38,0.0,57,304276,卖盘
11:01:40,53.38,0.0,30,160141,卖盘
11:01:43,53.39,0.01,56,298984,买盘
11:01:46,53.38,-0.01,26,138790,卖盘
11:01:48,53.38,0.0,33,176154,卖盘
11:01:52,53.38,0.0,3,16014,卖盘
11:01:54,53.39,0.01,101,539139,买盘
11:01:57,53.38,-0.01,58,309604,卖盘
11:02:00,53.38,0.0,5,26686,买盘
11:02:05,53.38,0.0,5,26690,买盘
11:02:06,53.37,-0.01,18,96083,卖盘
11:02:09,53.38,0.01,2,10676,中性盘
11:02:12,53.38,0.0,8,42704,买盘
11:02:16,53.39,0.01,47,250901,买盘
11:02:22,53.39,0.0,2,10678,卖盘
11:02:24,53.4,0.01,48,256320,买盘
11:02:28,53.39,-0.01,9,48051,卖盘
11:02:30,53.38,-0.01,6,32028,卖盘
11:02:34,53.39,0.01,36,192203,买盘
11:02:37,53.39,0.0,80,427120,买盘
11:02:40,53.39,0.0,5,26695,买盘
11:02:42,53.39,0.0,67,357711,买盘
11:02:46,53.39,0.0,20,106776,买盘
11:02:48,53.39,0.0,47,250895,买盘
11:02:52,53.4,0.01,25,133499,买盘
11:02:54,53.38,-0.02,94,501900,卖盘
11:02:57,53.39,0.01,25,133473,买盘
11:03:01,53.39,0.0,48,256314,卖盘
11:03:04,53.39,0.0,30,160181,卖盘
11:03:07,53.39,0.0,11,58729,卖盘
11:03:10,53.4,0.01,102,544647,买盘
11:03:13,53.38,-0.02,111,592694,卖盘
11:03:15,53.39,0.01,11,58727,买盘
11:03:19,53.39,0.0,41,218899,买盘
11:03:22,53.39,0.0,20,106780,卖盘
11:03:25,53.39,0.0,13,69407,卖盘
11:03:27,53.39,0.0,13,69407,卖盘
11:03:31,53.4,0.01,9,48861,买盘
11:03:34,53.41,0.01,30,160196,买盘
11:03:37,53.43,0.02,154,822733,买盘
11:03:39,53.43,0.0,1,5343,卖盘
11:03:42,53.43,0.0,2,10686,卖盘
11:03:45,53.43,0.0,29,154962,卖盘
11:03:48,53.44,0.01,37,197696,买盘
11:03:52,53.44,0.0,14,74806,买盘
11:03:55,53.43,-0.01,16,85509,卖盘
11:03:57,53.44,0.01,1,5344,中性盘
11:04:00,53.45,0.01,7,37403,中性盘
11:04:04,53.46,0.01,14,74842,买盘
11:04:07,53.44,-0.02,19,101533,卖盘
11:04:09,53.43,-0.01,17,90846,卖盘
11:04:12,53.44,0.01,6,32064,买盘
11:04:16,53.44,0.0,7,37413,中性盘
11:04:22,53.44,0.0,2,10688,卖盘
11:04:24,53.45,0.01,2,10690,买盘
11:04:28,53.44,-0.01,49,261913,卖盘
11:04:30,53.44,0.0,23,122919,卖盘
11:04:33,53.44,0.0,9,48092,买盘
11:04:37,53.44,0.0,43,229829,卖盘
11:04:46,53.46,0.02,45,240563,买盘
11:04:48,53.43,-0.03,67,358038,卖盘
11:04:52,53.43,0.0,8,42744,买盘
11:04:55,53.45,0.02,294,1570886,买盘
11:04:58,53.43,-0.02,2,10686,卖盘
11:05:00,53.44,0.01,7,37404,中性盘
11:05:04,53.45,0.01,4,21380,买盘
11:05:06,53.46,0.01,157,841937,买盘
11:05:09,53.46,0.0,1,5346,卖盘
11:05:13,53.48,0.02,15,80211,买盘
11:05:16,53.47,-0.01,107,572045,买盘
11:05:18,53.47,0.0,5,26733,买盘
11:05:22,53.47,0.0,3,16041,卖盘
11:05:24,53.48,0.01,37,197859,买盘
11:05:28,53.47,-0.01,15,80201,卖盘
11:05:30,53.47,0.0,38,203193,中性盘
11:05:33,53.46,-0.01,39,205862,卖盘
11:05:37,53.46,0.0,10,53460,买盘
11:05:40,53.46,0.0,18,96226,买盘
11:05:43,53.47,0.01,54,288686,买盘
11:05:45,53.46,-0.01,10,53460,中性盘
11:05:48,53.46,0.0,150,801882,卖盘
11:05:52,53.46,0.0,12,64152,买盘
11:05:55,53.46,0.0,11,58806,买盘
11:06:01,53.46,0.0,19,101566,买盘
11:06:04,53.46,0.0,51,272654,卖盘
11:06:07,53.46,0.0,25,133650,卖盘
11:06:10,53.45,-0.01,7,37421,卖盘
11:06:12,53.47,0.02,22,120300,买盘
11:06:15,53.46,-0.01,16,85542,买盘
11:06:18,53.46,0.0,1,5346,卖盘
11:06:22,53.46,0.0,10,50787,卖盘
11:06:25,53.46,0.0,93,499851,买盘
11:06:28,53.46,0.0,65,344810,卖盘
11:06:30,53.43,-0.03,599,3201043,卖盘
11:06:34,53.47,0.04,12,64144,买盘
11:06:36,53.46,-0.01,34,181765,卖盘
11:06:39,53.47,0.01,1,5347,买盘
11:06:42,53.46,-0.01,32,171100,卖盘
11:06:45,53.48,0.02,66,352950,买盘
11:06:49,53.48,0.0,42,224559,买盘
11:06:51,53.48,0.0,2,10696,买盘
11:06:55,53.47,-0.01,21,112308,中性盘
11:06:58,53.49,0.02,38,203255,买盘
11:07:01,53.48,-0.01,4,21387,买盘
11:07:04,53.47,-0.01,4,21388,买盘
11:07:07,53.48,0.01,61,326197,买盘
11:07:09,53.48,0.0,11,61502,买盘
11:07:12,53.47,-0.01,93,497342,卖盘
11:07:16,53.5,0.03,19,101638,买盘
11:07:19,53.48,-0.02,8,42794,中性盘
11:07:21,53.5,0.02,38,203236,买盘
11:07:25,53.48,-0.02,1,5348,卖盘
11:07:27,53.47,-0.01,37,197903,卖盘
11:07:31,53.5,0.03,46,246084,买盘
11:07:34,53.5,0.0,20,106999,买盘
11:07:36,53.5,0.0,37,197920,买盘
11:07:39,53.5,0.0,4,21400,卖盘
11:07:43,53.5,0.0,2,10701,卖盘
11:07:45,53.5,0.0,47,251455,卖盘
11:07:49,53.5,0.0,30,160500,卖盘
11:07:51,53.52,0.02,14,74920,买盘
11:07:54,53.51,-0.01,11,58867,中性盘
11:07:58,53.5,-0.01,54,288907,卖盘
11:08:01,53.52,0.02,15,80272,买盘
11:08:04,53.51,-0.01,27,144516,卖盘
11:08:07,53.51,0.0,166,888116,卖盘
11:08:10,53.51,0.0,21,112371,买盘
11:08:13,53.5,-0.01,51,272908,卖盘
11:08:15,53.52,0.02,24,128442,买盘
11:08:19,53.51,-0.01,19,101673,卖盘
11:08:21,53.53,0.02,4,21412,买盘
11:08:24,53.53,0.0,22,117760,买盘
11:08:27,53.53,0.0,38,203392,买盘
11:08:31,53.52,-0.01,13,69579,中性盘
11:08:33,53.51,-0.01,25,133788,卖盘
11:08:36,53.52,0.01,4,21408,买盘
11:08:40,53.52,0.0,9,48168,买盘
11:08:43,53.52,0.0,18,96330,买盘
11:08:46,53.53,0.01,56,299745,买盘
11:08:48,53.51,-0.02,43,230137,卖盘
11:08:51,53.53,0.02,8,42824,买盘
11:08:55,53.53,0.0,1,5353,买盘
11:08:57,53.54,0.01,56,295995,买盘
11:09:00,53.53,-0.01,31,169741,买盘
11:09:04,53.53,0.0,42,224826,买盘
11:09:07,53.53,0.0,65,347983,买盘
11:09:10,53.53,0.0,7,37474,中性盘
11:09:12,53.53,0.0,23,123119,卖盘
11:09:16,53.54,0.01,9,48181,买盘
11:09:18,53.54,0.0,19,101723,买盘
11:09:22,53.54,0.0,28,149891,买盘
11:09:24,53.54,0.0,6,32123,买盘
11:09:28,53.54,0.0,20,107074,买盘
11:09:30,53.54,0.0,18,96368,卖盘
11:09:39,53.53,-0.01,2,10706,卖盘
11:09:46,53.54,0.01,46,246252,买盘
11:09:48,53.53,-0.01,32,171323,卖盘
11:09:52,53.53,0.0,40,214120,卖盘
11:09:54,53.54,0.01,35,187390,买盘
11:09:58,53.55,0.01,2,10710,买盘
11:10:00,53.54,-0.01,14,74956,卖盘
11:10:05,53.54,0.0,20,107080,卖盘
11:10:06,53.54,0.0,12,64248,买盘
11:10:10,53.55,0.01,76,406932,买盘
11:10:12,53.53,-0.02,4,21414,卖盘
11:10:16,53.53,0.0,4,21412,卖盘
11:10:18,53.55,0.02,47,251685,买盘
11:10:22,53.55,0.0,49,262394,买盘
11:10:24,53.55,0.0,34,179181,买盘
11:10:28,53.55,0.0,133,715204,卖盘
11:10:30,53.54,-0.01,37,198128,卖盘
11:10:33,53.55,0.01,65,348073,买盘
11:10:36,53.54,-0.01,125,669410,卖盘
11:10:39,53.54,0.0,3,16062,买盘
11:10:43,53.53,-0.01,19,101716,卖盘
11:10:45,53.53,0.0,13,69597,卖盘
11:10:49,53.53,0.0,3,16059,卖盘
11:10:51,53.54,0.01,52,278379,买盘
11:10:57,53.54,0.0,21,112432,买盘
11:11:00,53.53,-0.01,40,214157,卖盘
11:11:04,53.53,0.0,5,26765,卖盘
11:11:07,53.55,0.02,73,390847,买盘
11:11:10,53.53,-0.02,2,10706,卖盘
11:11:12,53.54,0.01,7,37478,买盘
11:11:15,53.53,-0.01,51,273003,卖盘
11:11:19,53.52,-0.01,50,267648,卖盘
11:11:22,53.53,0.01,36,192709,买盘
11:11:28,53.53,0.0,17,91001,买盘
11:11:31,53.53,0.0,9,48178,卖盘
11:11:34,53.53,0.0,42,224826,卖盘
11:11:37,53.53,0.0,15,80302,卖盘
11:11:42,53.53,0.0,40,214120,卖盘
11:11:48,53.54,0.01,47,251621,买盘
11:11:51,53.54,0.0,43,230189,买盘
11:11:55,53.53,-0.01,8,42824,卖盘
11:11:57,53.55,0.02,17,91035,买盘
11:12:01,53.54,-0.01,20,107071,卖盘
11:12:04,53.53,-0.01,3,16060,卖盘
11:12:07,53.54,0.01,38,203460,买盘
11:12:12,53.53,-0.01,12,64238,卖盘
11:12:16,53.53,0.0,33,176676,卖盘
11:12:19,53.54,0.01,1,5354,卖盘
11:12:21,53.54,0.0,38,203462,卖盘
11:12:25,53.54,0.0,68,364087,卖盘
11:12:28,53.55,0.01,5,26774,买盘
11:12:30,53.54,-0.01,17,91018,卖盘
11:12:33,53.54,0.0,25,133864,卖盘
11:12:36,53.54,0.0,59,315886,卖盘
11:12:40,53.55,0.01,34,182050,买盘
11:12:42,53.55,0.0,84,449812,买盘
11:12:46,53.53,-0.02,119,637223,卖盘
11:12:48,53.53,0.0,36,192724,卖盘
11:12:51,53.53,0.0,42,224826,卖盘
11:12:55,53.53,0.0,3,16059,买盘
11:12:57,53.53,0.0,9,48177,买盘
11:13:00,53.52,-0.01,59,315827,卖盘
11:13:05,53.53,0.01,9,48177,买盘
11:13:06,53.54,0.01,46,246255,买盘
11:13:09,53.53,-0.01,3,16059,中性盘
11:13:12,53.53,0.0,15,80304,买盘
11:13:16,53.52,-0.01,10,53521,卖盘
11:13:18,53.54,0.02,22,117784,买盘
11:13:21,53.54,0.0,25,133865,卖盘
11:13:25,53.56,0.02,15,80340,买盘
11:13:27,53.54,-0.02,52,278471,卖盘
11:13:30,53.54,0.0,17,91025,卖盘
11:13:33,53.54,0.0,1,5354,买盘
11:13:37,53.53,-0.01,20,107060,卖盘
11:13:40,53.53,0.0,1,5353,买盘
11:13:42,53.53,0.0,12,64234,买盘
11:13:45,53.53,0.0,25,133821,买盘
11:13:49,53.54,0.01,45,240902,买盘
11:13:52,53.52,-0.02,83,444315,卖盘
11:13:55,53.52,0.0,34,182015,卖盘
11:13:57,53.52,0.0,65,348015,卖盘
11:14:01,53.55,0.03,37,198091,买盘
11:14:04,53.55,0.0,26,139218,买盘
11:14:07,53.56,0.01,60,321358,买盘
11:14:09,53.54,-0.02,18,96367,买盘
11:14:13,53.54,0.0,4,21416,买盘
11:14:15,53.53,-0.01,9,48181,卖盘
11:14:18,53.53,0.0,1,5353,买盘
11:14:22,53.52,-0.01,16,85651,卖盘
11:14:25,53.53,0.01,2,10706,中性盘
11:14:28,53.54,0.01,52,278335,买盘
11:14:31,53.54,0.0,32,171319,买盘
11:14:34,53.53,-0.01,24,128486,卖盘
11:14:36,53.53,0.0,18,96354,卖盘
11:14:40,53.53,0.0,6,32118,卖盘
11:14:42,53.54,0.01,29,155266,买盘
11:14:45,53.54,0.0,39,208730,买盘
11:14:49,53.52,-0.02,13,69594,卖盘
11:14:52,53.54,0.02,39,208754,买盘
11:14:54,53.54,0.0,12,64248,买盘
11:14:58,53.54,0.0,8,42826,买盘
11:15:00,53.55,0.01,33,176694,买盘
11:15:04,53.54,-0.01,1,5354,买盘
11:15:06,53.52,-0.02,48,256950,卖盘
11:15:09,53.54,0.02,19,101726,买盘
11:15:12,53.54,0.0,2,10708,卖盘
11:15:15,53.55,0.01,11,58899,买盘
11:15:19,53.55,0.0,35,187424,买盘
11:15:21,53.53,-0.02,7,37472,卖盘
11:15:24,53.54,0.01,10,53540,买盘
11:15:28,53.55,0.01,130,695976,买盘
11:15:31,53.52,-0.03,15,80315,卖盘
11:15:33,53.55,0.03,56,299861,买盘
11:15:37,53.55,0.0,62,331940,买盘
11:15:39,53.55,0.0,26,139173,买盘
11:15:42,53.54,-0.01,2,10708,卖盘
11:15:46,53.52,-0.02,15,80301,卖盘
11:15:48,53.55,0.03,7,37485,买盘
11:15:52,53.54,-0.01,12,64258,卖盘
11:15:54,53.53,-0.01,2,10706,卖盘
11:15:57,53.55,0.02,42,224879,买盘
11:16:01,53.55,0.0,44,235620,买盘
11:16:05,53.56,0.01,13,69623,买盘
11:16:06,53.55,-0.01,31,166006,卖盘
11:16:09,53.56,0.01,19,101764,买盘
11:16:15,53.55,-0.01,11,58910,卖盘
11:16:18,53.55,0.0,19,101745,卖盘
11:16:22,53.55,0.0,1,5355,买盘
11:16:25,53.55,0.0,7,37485,中性盘
11:16:28,53.55,0.0,7,37483,买盘
11:16:31,53.54,-0.01,30,160646,卖盘
11:16:34,53.55,0.01,5,26774,买盘
11:16:36,53.53,-0.02,1,5353,卖盘
11:16:39,53.54,0.01,6,32123,买盘
11:16:42,53.55,0.01,33,176684,买盘
11:16:45,53.54,-0.01,13,69598,中性盘
11:16:48,53.53,-0.01,6,32122,卖盘
11:16:51,53.55,0.02,135,722924,买盘
11:16:55,53.56,0.01,225,1205098,买盘
11:16:58,53.55,-0.01,11,58905,卖盘
11:17:00,53.55,0.0,26,139246,卖盘
11:17:04,53.55,0.0,52,278460,卖盘
11:17:06,53.56,0.01,9,48206,买盘
11:17:09,53.55,-0.01,8,42847,卖盘
11:17:13,53.55,0.0,12,64269,卖盘
11:17:15,53.55,0.0,4,21420,卖盘
11:17:19,53.56,0.01,5,26779,买盘
11:17:21,53.55,-0.01,2,10710,卖盘
11:17:25,53.55,0.0,27,144590,卖盘
11:17:27,53.56,0.01,46,246376,买盘
11:17:30,53.56,0.0,57,305281,买盘
11:17:33,53.56,0.0,21,113119,买盘
11:17:36,53.56,0.0,32,171392,卖盘
11:17:39,53.57,0.01,41,219637,买盘
11:17:43,53.57,0.0,6,32142,买盘
11:17:46,53.57,0.0,11,58922,买盘
11:17:49,53.57,0.0,39,208922,买盘
11:17:52,53.56,-0.01,78,417125,卖盘
11:17:57,53.56,0.0,16,85694,买盘
11:18:00,53.56,0.0,72,385627,买盘
11:18:05,53.55,-0.01,10,53550,卖盘
11:18:07,53.55,0.0,31,166034,卖盘
11:18:09,53.56,0.01,29,155324,买盘
11:18:12,53.55,-0.01,5,26775,卖盘
11:18:15,53.55,0.0,44,235628,卖盘
11:18:19,53.55,0.0,87,465885,卖盘
11:18:22,53.56,0.01,27,144588,买盘
11:18:28,53.56,0.0,87,466613,买盘
11:18:31,53.56,0.0,18,96408,卖盘
11:18:33,53.56,0.0,3,16068,卖盘
11:18:36,53.56,0.0,17,91059,卖盘
11:18:40,53.56,0.0,13,69635,卖盘
11:18:43,53.56,0.0,20,107120,卖盘
11:18:45,53.56,0.0,7,37492,卖盘
11:18:49,53.56,0.0,5,26780,卖盘
11:18:51,53.56,0.0,72,385632,卖盘
11:18:55,53.56,0.0,24,128554,卖盘
11:18:58,53.56,0.0,31,166036,卖盘
11:19:00,53.56,0.0,421,2255600,卖盘
11:19:04,53.56,0.0,17,91054,卖盘
11:19:06,53.57,0.01,8,42856,买盘
11:19:10,53.56,-0.01,289,1547244,卖盘
11:19:12,53.55,-0.01,2,10710,卖盘
11:19:15,53.56,0.01,504,2699416,买盘
11:19:18,53.56,0.0,12,64272,买盘
11:19:22,53.56,0.0,12,64272,买盘
11:19:25,53.56,0.0,24,128541,买盘
11:19:28,53.56,0.0,18,96382,买盘
11:19:30,53.56,0.0,16,86319,买盘
11:19:36,53.54,-0.02,31,165986,卖盘
11:19:40,53.56,0.02,53,283912,卖盘
11:19:43,53.56,0.0,22,117832,买盘
11:19:45,53.57,0.01,14,74980,买盘
11:19:49,53.57,0.0,38,203560,买盘
11:19:55,53.54,-0.03,11,58904,卖盘
11:19:57,53.56,0.02,26,139230,买盘
11:20:01,53.56,0.0,6,32136,卖盘
11:20:05,53.56,0.0,2,10712,卖盘
11:20:07,53.57,0.01,7,37494,买盘
11:20:09,53.56,-0.01,24,128548,中性盘
11:20:12,53.57,0.01,17,91054,买盘
11:20:16,53.54,-0.03,51,273153,卖盘
11:20:18,53.59,0.05,17,91085,买盘
11:20:27,53.59,0.0,62,332258,买盘
11:20:30,53.59,0.0,19,101787,买盘
11:20:33,53.57,-0.02,2,10714,中性盘
11:20:36,53.58,0.01,14,75012,买盘
11:20:40,53.57,-0.01,8,42856,卖盘
11:20:42,53.57,0.0,18,96426,买盘
11:20:45,53.57,0.0,15,80364,卖盘
11:20:48,53.57,0.0,28,150033,卖盘
11:20:51,53.57,0.0,108,578409,卖盘
11:20:54,53.58,0.01,31,166069,买盘
11:20:58,53.59,0.01,23,123257,买盘
11:21:00,53.58,-0.01,39,208993,卖盘
11:21:04,53.58,0.0,75,401990,卖盘
11:21:07,53.6,0.02,84,450240,买盘
11:21:10,53.59,-0.01,31,166128,买盘
11:21:13,53.6,0.01,6,32155,买盘
11:21:15,53.58,-0.02,13,69667,卖盘
11:21:19,53.6,0.02,9,48238,买盘
11:21:21,53.6,0.0,17,91135,卖盘
11:21:25,53.59,-0.01,19,101842,卖盘
11:21:27,53.6,0.01,32,171520,中性盘
11:21:30,53.6,0.0,24,128650,卖盘
11:21:33,53.61,0.01,21,112579,买盘
11:21:36,53.61,0.0,3,16082,买盘
11:21:39,53.6,-0.01,14,75053,卖盘
11:21:42,53.6,0.0,37,198321,卖盘
11:21:46,53.61,0.01,14,75042,买盘
11:21:48,53.62,0.01,38,203721,买盘
11:21:52,53.6,-0.02,6,32162,卖盘
11:21:54,53.59,-0.01,5,26799,卖盘
11:21:58,53.59,0.0,14,75038,卖盘
11:22:00,53.61,0.02,46,246576,买盘
11:22:07,53.59,-0.02,102,546803,卖盘
11:22:09,53.56,-0.03,119,637784,卖盘
11:22:12,53.61,0.05,11,58950,卖盘
11:22:15,53.59,-0.02,4,21436,卖盘
11:22:18,53.61,0.02,24,128681,买盘
11:22:21,53.61,0.0,6,32162,卖盘
11:22:25,53.61,0.0,7,37527,买盘
11:22:27,53.6,-0.01,44,235834,卖盘
11:22:30,53.59,-0.01,7,37513,卖盘
11:22:34,53.59,0.0,15,80399,卖盘
11:22:36,53.59,0.0,46,246547,卖盘
11:22:40,53.6,0.01,15,80398,买盘
11:22:42,53.59,-0.01,14,75036,卖盘
11:22:45,53.59,0.0,38,203644,买盘
11:22:48,53.6,0.01,16,85760,买盘
11:22:51,53.59,-0.01,152,814654,卖盘
11:22:54,53.59,0.0,6,32154,买盘
11:23:00,53.58,-0.01,10,53580,卖盘
11:23:05,53.6,0.02,54,289390,买盘
11:23:07,53.6,0.0,5,26800,卖盘
11:23:13,53.6,0.0,6,32160,卖盘
11:23:16,53.61,0.01,51,273405,买盘
11:23:18,53.61,0.0,10,53607,买盘
11:23:21,53.61,0.0,5,26805,买盘
11:23:24,53.61,0.0,16,85776,买盘
11:23:28,53.61,0.0,12,64330,买盘
11:23:30,53.6,-0.01,35,187623,卖盘
11:23:33,53.61,0.01,9,48249,买盘
11:23:36,53.62,0.01,277,1484985,买盘
11:23:40,53.61,-0.01,28,150140,卖盘
11:23:43,53.6,-0.01,16,85775,卖盘
11:23:45,53.6,0.0,46,246578,卖盘
11:23:49,53.62,0.02,21,112610,买盘
11:23:51,53.6,-0.02,80,428836,卖盘
11:23:58,53.63,0.03,10,53626,买盘
11:24:01,53.6,-0.03,39,209124,卖盘
11:24:04,53.64,0.04,22,117978,买盘
11:24:10,53.64,0.0,62,332521,买盘
11:24:12,53.63,-0.01,8,42904,卖盘
11:24:15,53.63,0.0,13,69711,买盘
11:24:19,53.63,0.0,46,246698,买盘
11:24:21,53.62,-0.01,4,21447,中性盘
11:24:24,53.62,0.0,1,5362,买盘
11:24:28,53.62,0.0,15,80430,买盘
11:24:31,53.62,0.0,21,112617,卖盘
11:24:33,53.63,0.01,25,134064,买盘
11:24:37,53.62,-0.01,17,91163,卖盘
11:24:39,53.62,0.0,40,214486,卖盘
11:24:43,53.62,0.0,12,64344,卖盘
11:24:45,53.62,0.0,23,123326,卖盘
11:24:49,53.62,0.0,9,48261,卖盘
11:24:51,53.62,0.0,29,155498,卖盘
11:24:55,53.62,0.0,11,58991,卖盘
11:24:57,53.63,0.01,11,58988,买盘
11:25:01,53.62,-0.01,8,42896,卖盘
11:25:04,53.62,0.0,6,32172,卖盘
11:25:07,53.62,0.0,4,21448,卖盘
11:25:09,53.62,0.0,10,53620,卖盘
11:25:12,53.63,0.01,4,21450,买盘
11:25:16,53.63,0.0,137,734731,买盘
11:25:19,53.63,0.0,24,128721,卖盘
11:25:27,53.61,-0.02,8,42894,卖盘
11:25:31,53.61,0.0,5,26805,卖盘
11:25:34,53.61,0.0,35,187649,卖盘
11:25:36,53.61,0.0,25,134041,卖盘
11:25:40,53.62,0.01,6,32172,买盘
11:25:42,53.61,-0.01,10,53611,卖盘
11:25:45,53.61,0.0,3,16083,卖盘
11:25:49,53.62,0.01,4,21445,中性盘
11:25:52,53.61,-0.01,59,316343,卖盘
11:25:55,53.61,0.0,7,37532,卖盘
11:25:57,53.62,0.01,19,101880,买盘
11:26:01,53.62,0.0,34,182281,买盘
11:26:04,53.62,0.0,3,16086,买盘
11:26:07,53.62,0.0,28,150136,卖盘
11:26:09,53.63,0.01,44,235931,买盘
11:26:13,53.62,-0.01,40,214480,中性盘
11:26:15,53.61,-0.01,19,101861,卖盘
11:26:19,53.62,0.01,12,64343,卖盘
11:26:21,53.63,0.01,54,289592,买盘
11:26:24,53.62,-0.01,40,214533,卖盘
11:26:27,53.63,0.01,2,10726,卖盘
11:26:30,53.63,0.0,51,273549,卖盘
11:26:33,53.63,0.0,24,128712,卖盘
11:26:36,53.63,0.0,11,58993,卖盘
11:26:40,53.64,0.01,20,107280,买盘
11:26:42,53.64,0.0,201,1078296,买盘
11:26:45,53.63,-0.01,44,236013,卖盘
11:26:48,53.63,0.0,1,5363,卖盘
11:26:52,53.64,0.01,50,268196,中性盘
11:26:54,53.64,0.0,41,219905,卖盘
11:26:58,53.64,0.0,2,10728,卖盘
11:27:00,53.64,0.0,17,91193,卖盘
11:27:04,53.65,0.01,43,230631,买盘
11:27:07,53.64,-0.01,26,139465,中性盘
11:27:09,53.63,-0.01,6,32178,卖盘
11:27:16,53.63,0.0,7,37541,卖盘
11:27:18,53.63,0.0,1,5363,中性盘
11:27:21,53.64,0.01,13,69727,买盘
11:27:25,53.64,0.0,2,10728,买盘
11:27:27,53.61,-0.03,104,557596,卖盘
11:27:30,53.61,0.0,15,80448,卖盘
11:27:34,53.61,0.0,7,37529,卖盘
11:27:36,53.63,0.02,5,26815,买盘
11:27:40,53.62,-0.01,1,5362,卖盘
11:27:46,53.62,0.0,18,96512,买盘
11:27:48,53.61,-0.01,1,5361,卖盘
11:27:51,53.62,0.01,10,53617,买盘
11:27:55,53.61,-0.01,57,305588,卖盘
11:27:57,53.62,0.01,11,58982,买盘
11:28:01,53.61,-0.01,23,123303,卖盘
11:28:04,53.61,0.0,2,10722,买盘
11:28:09,53.61,0.0,2,10722,买盘
11:28:13,53.6,-0.01,22,117920,卖盘
11:28:15,53.6,0.0,17,91132,卖盘
11:28:19,53.6,0.0,31,166186,卖盘
11:28:21,53.61,0.01,101,541461,买盘
11:28:25,53.61,0.0,14,75054,卖盘
11:28:28,53.61,0.0,3,16083,卖盘
11:28:31,53.61,0.0,89,477187,卖盘
11:28:34,53.61,0.0,10,53610,卖盘
11:28:36,53.61,0.0,31,166209,卖盘
11:28:39,53.63,0.02,23,123344,买盘
11:28:42,53.61,-0.02,5,26806,卖盘
11:28:45,53.61,0.0,2,10722,卖盘
11:28:48,53.61,0.0,2,10722,卖盘
11:28:52,53.61,0.0,5,26805,卖盘
11:28:54,53.61,0.0,37,198362,卖盘
11:28:58,53.62,0.01,34,182281,买盘
11:29:00,53.61,-0.01,8,42888,卖盘
11:29:04,53.61,0.0,1,5361,卖盘
11:29:07,53.61,0.0,7,37528,卖盘
11:29:09,53.61,0.0,14,75059,卖盘
11:29:12,53.61,0.0,8,42891,卖盘
11:29:16,53.61,0.0,4,21444,卖盘
11:29:18,53.61,0.0,6,32167,卖盘
11:29:21,53.61,0.0,29,155476,卖盘
11:29:25,53.62,0.01,8,42896,买盘
11:29:27,53.61,-0.01,43,230523,卖盘
11:29:31,53.6,-0.01,3,16081,卖盘
11:29:33,53.6,0.0,9,48241,卖盘
11:29:37,53.61,0.01,30,160828,买盘
11:29:39,53.6,-0.01,47,251920,卖盘
11:29:42,53.61,0.01,12,64331,买盘
11:29:45,53.61,0.0,5,26801,买盘
11:29:49,53.61,0.0,2,10721,买盘
11:29:51,53.6,-0.01,5,24067,卖盘
11:29:54,53.6,0.0,40,214400,卖盘
11:29:58,53.6,0.0,4,21440,卖盘
11:30:01,53.6,0.0,10,53600,卖盘
13:00:00,53.6,0.0,36,192980,卖盘
13:00:04,53.61,0.01,868,4653768,买盘
13:00:06,53.61,0.0,143,766668,卖盘
13:00:09,53.62,0.01,3,16086,买盘
13:00:12,53.63,0.01,3,16087,买盘
13:00:15,53.61,-0.02,2,10722,卖盘
13:00:24,53.63,0.02,95,509485,买盘
13:00:27,53.63,0.0,53,284235,买盘
13:00:30,53.61,-0.02,68,364680,卖盘
13:00:33,53.64,0.03,82,439807,买盘
13:00:37,53.61,-0.03,45,241256,卖盘
13:00:39,53.63,0.02,42,225226,买盘
13:00:43,53.63,0.0,68,364622,买盘
13:00:45,53.64,0.01,8,42909,买盘
13:00:49,53.64,0.0,22,118004,买盘
13:00:51,53.61,-0.03,101,541538,卖盘
13:00:57,53.63,0.02,5,26812,买盘
13:01:00,53.63,0.0,5,26813,买盘
13:01:04,53.63,0.0,6,32176,买盘
13:01:07,53.63,0.0,58,310996,买盘
13:01:10,53.62,-0.01,16,85805,中性盘
13:01:12,53.63,0.01,16,85803,买盘
13:01:15,53.63,0.0,4,21452,买盘
13:01:18,53.61,-0.02,29,155480,卖盘
13:01:21,53.62,0.01,18,96517,中性盘
13:01:25,53.61,-0.01,54,289517,卖盘
13:01:28,53.61,0.0,1,5361,卖盘
13:01:31,53.63,0.02,7,37541,买盘
13:01:33,53.61,-0.02,65,348465,卖盘
13:01:36,53.61,0.0,34,182292,卖盘
13:01:40,53.63,0.02,5,26815,买盘
13:01:42,53.62,-0.01,38,203751,中性盘
13:01:45,53.62,0.0,11,58982,卖盘
13:01:48,53.63,0.01,91,487888,买盘
13:01:51,53.62,-0.01,7,37534,买盘
13:01:54,53.61,-0.01,9,48254,卖盘
13:01:57,53.62,0.01,3,16084,买盘
13:02:00,53.62,0.0,17,91153,买盘
13:02:04,53.61,-0.01,7,37527,卖盘
13:02:07,53.61,0.0,6,32166,卖盘
13:02:10,53.61,0.0,13,69693,卖盘
13:02:12,53.62,0.01,46,246639,买盘
13:02:15,53.61,-0.01,61,327078,卖盘
13:02:18,53.61,0.0,27,144747,卖盘
13:02:22,53.62,0.01,47,252014,买盘
13:02:25,53.62,0.0,6,32172,卖盘
13:02:27,53.62,0.0,12,64345,卖盘
13:02:30,53.62,0.0,1,5362,卖盘
13:02:33,53.61,-0.01,66,354003,卖盘
13:02:36,53.61,0.0,51,273434,卖盘
13:02:39,53.62,0.01,19,101875,买盘
13:02:42,53.61,-0.01,73,391418,卖盘
13:02:45,53.62,0.01,6,32167,买盘
13:02:48,53.61,-0.01,3,15921,买盘
13:02:52,53.6,-0.01,46,246623,卖盘
13:02:54,53.62,0.02,10,53620,买盘
13:02:57,53.61,-0.01,14,75064,卖盘
13:03:00,53.62,0.01,83,445043,买盘
13:03:05,53.63,0.01,33,177136,买盘
13:03:07,53.63,0.0,13,69727,卖盘
13:03:10,53.64,0.01,22,118008,买盘
13:03:12,53.63,-0.01,24,128731,卖盘
13:03:15,53.63,0.0,9,48267,买盘
13:03:18,53.63,0.0,56,302613,买盘
13:03:22,53.61,-0.02,22,117953,卖盘
13:03:25,53.64,0.03,3,16090,买盘
13:03:27,53.63,-0.01,62,332562,卖盘
13:03:30,53.64,0.01,25,134065,买盘
13:03:33,53.63,-0.01,7,37541,买盘
13:03:37,53.61,-0.02,11,58975,卖盘
13:03:39,53.62,0.01,2,10725,中性盘
13:03:42,53.63,0.01,9,48267,买盘
13:03:45,53.63,0.0,19,101892,买盘
13:03:48,53.63,0.0,15,80432,买盘
13:03:51,53.61,-0.02,4,21446,卖盘
13:03:54,53.63,0.02,12,64342,买盘
13:03:57,53.61,-0.02,3,16085,卖盘
13:04:00,53.63,0.02,24,128702,买盘
13:04:04,53.63,0.0,1216,6522732,买盘
13:04:07,53.63,0.0,28,150168,卖盘
13:04:10,53.65,0.02,26,139421,买盘
13:04:13,53.62,-0.03,8,42896,卖盘
13:04:15,53.66,0.04,73,391718,买盘
13:04:18,53.62,-0.04,75,402403,卖盘
13:04:21,53.62,0.0,173,927629,买盘
13:04:24,53.65,0.03,7,37546,买盘
13:04:27,53.65,0.0,41,219995,卖盘
13:04:31,53.66,0.01,18,96592,买盘
13:04:33,53.67,0.01,103,552791,买盘
13:04:36,53.65,-0.02,18,96564,买盘
13:04:39,53.63,-0.02,10,53646,中性盘
13:04:42,53.65,0.02,4,21458,买盘
13:04:45,53.65,0.0,14,75110,买盘
13:04:48,53.65,0.0,5,23872,买盘
13:04:51,53.65,0.0,65,348709,卖盘
13:04:54,53.65,0.0,53,284414,卖盘
13:04:57,53.66,0.01,68,364914,买盘
13:05:00,53.66,0.0,41,220005,买盘
13:05:04,53.66,0.0,98,525892,买盘
13:05:07,53.66,0.0,45,241495,卖盘
13:05:10,53.66,0.0,9,48294,买盘
13:05:13,53.66,0.0,67,359504,买盘
13:05:15,53.66,0.0,48,257565,买盘
13:05:18,53.65,-0.01,2,10731,卖盘
13:05:21,53.66,0.01,7,37562,买盘
13:05:24,53.66,0.0,25,134148,买盘
13:05:27,53.66,0.0,1,5366,卖盘
13:05:30,53.66,0.0,21,112686,卖盘
13:05:33,53.66,0.0,13,69765,卖盘
13:05:36,53.66,0.0,24,128784,卖盘
13:05:42,53.66,0.0,7,37560,买盘
13:05:45,53.65,-0.01,53,284346,卖盘
13:05:48,53.63,-0.02,4,21458,卖盘
13:05:51,53.63,0.0,4,21452,卖盘
13:05:54,53.63,0.0,22,118013,卖盘
13:05:57,53.64,0.01,18,96559,中性盘
13:06:00,53.65,0.01,345,1850925,买盘
13:06:07,53.66,0.01,56,300460,买盘
13:06:09,53.65,-0.01,32,171654,卖盘
13:06:13,53.64,-0.01,5,26822,卖盘
13:06:15,53.64,0.0,41,219967,卖盘
13:06:18,53.64,0.0,38,203833,卖盘
13:06:21,53.65,0.01,2,10730,买盘
13:06:24,53.65,0.0,1,5365,买盘
13:06:27,53.65,0.0,7,37554,买盘
13:06:31,53.64,-0.01,3,16093,卖盘
13:06:33,53.65,0.01,7,37551,买盘
13:06:36,53.63,-0.02,22,118015,卖盘
13:06:39,53.64,0.01,31,166311,买盘
13:06:42,53.63,-0.01,2,10726,卖盘
13:06:45,53.64,0.01,25,134088,买盘
13:06:49,53.65,0.01,2,10730,买盘
13:06:52,53.64,-0.01,5,26820,卖盘
13:06:54,53.65,0.01,13,69744,买盘
13:06:57,53.64,-0.01,9,48284,卖盘
13:07:01,53.65,0.01,14,75110,买盘
13:07:04,53.65,0.0,57,305816,买盘
13:07:07,53.65,0.0,31,166315,卖盘
13:07:10,53.66,0.01,4,21464,买盘
13:07:12,53.65,-0.01,44,236098,卖盘
13:07:15,53.66,0.01,30,160978,买盘
13:07:18,53.66,0.0,47,252201,买盘
13:07:21,53.66,0.0,5,26830,卖盘
13:07:24,53.66,0.0,35,187843,卖盘
13:07:27,53.66,0.0,47,252202,卖盘
13:07:30,53.66,0.0,6,32196,买盘
13:07:34,53.65,-0.01,7,37559,卖盘
13:07:36,53.65,0.0,13,69748,卖盘
13:07:39,53.65,0.0,1,5365,卖盘
13:07:42,53.65,0.0,23,123405,卖盘
13:07:46,53.66,0.01,25,134137,买盘
13:07:48,53.66,0.0,40,214636,买盘
13:07:51,53.66,0.0,11,59026,卖盘
13:07:54,53.66,0.0,15,80486,买盘
13:07:57,53.66,0.0,49,262835,买盘
13:08:00,53.65,-0.01,12,64390,卖盘
13:08:04,53.66,0.01,14,75123,买盘
13:08:07,53.65,-0.01,51,273631,卖盘
13:08:10,53.65,0.0,3,16095,卖盘
13:08:13,53.65,0.0,21,112680,卖盘
13:08:16,53.66,0.01,3,16098,买盘
13:08:18,53.63,-0.03,325,1743047,卖盘
13:08:21,53.62,-0.01,3,16087,卖盘
13:08:24,53.61,-0.01,1,5361,卖盘
13:08:27,53.61,0.0,6,32166,卖盘
13:08:31,53.61,0.0,2,10722,卖盘
13:08:34,53.61,0.0,4,21444,卖盘
13:08:36,53.61,0.0,50,268061,卖盘
13:08:39,53.62,0.01,34,182275,买盘
13:08:42,53.61,-0.01,8,42888,卖盘
13:08:46,53.62,0.01,84,450408,买盘
13:08:48,53.63,0.01,4,21450,买盘
13:08:52,53.62,-0.01,17,91154,卖盘
13:08:54,53.62,0.0,309,1657158,卖盘
13:08:58,53.62,0.0,4,21449,卖盘
13:09:00,53.63,0.01,1,5363,买盘
13:09:04,53.62,-0.01,20,107250,卖盘
13:09:07,53.62,0.0,3,16086,卖盘
13:09:10,53.63,0.01,12,64356,买盘
13:09:13,53.63,0.0,82,439713,买盘
13:09:16,53.61,-0.02,1,5361,卖盘
13:09:18,53.62,0.01,1,5362,买盘
13:09:22,53.63,0.01,21,112620,买盘
13:09:25,53.62,-0.01,29,155520,卖盘
13:09:27,53.62,0.0,4,21448,买盘
13:09:31,53.62,0.0,19,101860,买盘
13:09:34,53.63,0.01,33,176945,买盘
13:09:36,53.61,-0.02,38,203757,卖盘
13:09:42,53.61,0.0,5,26806,卖盘
13:09:46,53.61,0.0,51,273412,卖盘
13:09:49,53.61,0.0,42,228079,卖盘
13:09:52,53.6,-0.01,4,21440,卖盘
13:09:57,53.61,0.01,9,48249,买盘
13:10:00,53.6,-0.01,5,26800,卖盘
13:10:04,53.6,0.0,309,1656244,卖盘
13:10:07,53.61,0.01,4,21441,买盘
13:10:10,53.6,-0.01,110,589600,卖盘
13:10:12,53.61,0.01,57,302673,买盘
13:10:16,53.61,0.0,2,10722,卖盘
13:10:19,53.61,0.0,2,10722,卖盘
13:10:21,53.63,0.02,9,48255,买盘
13:10:25,53.65,0.02,243,1303602,买盘
13:10:27,53.63,-0.02,6,32170,中性盘
13:10:30,53.62,-0.01,7,37543,卖盘
13:10:33,53.62,0.0,16,85805,卖盘
13:10:37,53.61,-0.01,2,10722,卖盘
13:10:42,53.61,0.0,4,21444,卖盘
13:10:45,53.61,0.0,1,5361,卖盘
13:10:48,53.62,0.01,8,42896,买盘
13:10:51,53.62,0.0,4,21448,卖盘
13:10:55,53.63,0.01,12,64354,买盘
13:10:58,53.63,0.0,3,16089,卖盘
13:11:00,53.64,0.01,39,209196,买盘
13:11:04,53.65,0.01,69,368951,买盘
13:11:07,53.66,0.01,164,880024,买盘
13:11:10,53.66,0.0,250,1341741,卖盘
13:11:12,53.66,0.0,133,713802,卖盘
13:11:15,53.68,0.02,92,493852,买盘
13:11:18,53.67,-0.01,44,236183,中性盘
13:11:21,53.66,-0.01,162,869595,卖盘
13:11:25,53.67,0.01,46,246963,中性盘
13:11:28,53.67,0.0,913,4902584,卖盘
13:11:31,53.68,0.01,7,37584,中性盘
13:11:33,53.71,0.03,120,644410,买盘
13:11:36,53.7,-0.01,51,273697,中性盘
13:11:39,53.7,0.0,3,16110,买盘
13:11:42,53.71,0.01,62,332969,买盘
13:11:45,53.7,-0.01,240,1289291,卖盘
13:11:48,53.7,0.0,2,10740,卖盘
13:11:52,53.72,0.02,27,145039,买盘
13:11:55,53.72,0.0,20,107439,买盘
13:11:57,53.73,0.01,21,112832,买盘
13:12:01,53.73,0.0,95,510411,买盘
13:12:04,53.72,-0.01,23,123576,卖盘
13:12:07,53.73,0.01,7,37611,买盘
13:12:09,53.73,0.0,44,236451,卖盘
13:12:12,53.73,0.0,100,537418,卖盘
13:12:15,53.73,0.0,22,118242,卖盘
13:12:18,53.74,0.01,22,118242,中性盘
13:12:22,53.74,0.0,53,284860,卖盘
13:12:25,53.75,0.01,41,220375,买盘
13:12:27,53.75,0.0,82,440738,买盘
13:12:30,53.76,0.01,32,172011,买盘
13:12:33,53.76,0.0,11,59127,买盘
13:12:36,53.76,0.0,35,188127,买盘
13:12:39,53.76,0.0,147,790237,买盘
13:12:42,53.76,0.0,27,145166,卖盘
13:12:45,53.76,0.0,4,21504,卖盘
13:12:48,53.76,0.0,47,252693,卖盘
13:12:51,53.77,0.01,233,1252738,买盘
13:12:54,53.76,-0.01,174,935553,卖盘
13:12:57,53.76,0.0,10,53760,买盘
13:13:00,53.76,0.0,69,370938,买盘
13:13:04,53.76,0.0,30,161290,卖盘
13:13:07,53.77,0.01,373,2005888,买盘
13:13:09,53.76,-0.01,23,123651,卖盘
13:13:12,53.76,0.0,40,215050,卖盘
13:13:16,53.76,0.0,14,75274,卖盘
13:13:19,53.76,0.0,41,220434,卖盘
13:13:22,53.76,0.0,46,247296,卖盘
13:13:24,53.77,0.01,71,381753,买盘
13:13:27,53.75,-0.02,29,155878,卖盘
13:13:30,53.74,-0.01,7,37618,卖盘
13:13:33,53.75,0.01,99,532080,买盘
13:13:36,53.73,-0.02,12,64486,卖盘
13:13:39,53.74,0.01,64,343924,买盘
13:13:43,53.73,-0.01,480,2579831,卖盘
13:13:45,53.74,0.01,65,349310,买盘
13:13:48,53.74,0.0,42,225708,卖盘
13:13:51,53.75,0.01,14,75242,买盘
13:13:55,53.75,0.0,43,231121,买盘
13:13:58,53.74,-0.01,8,42995,卖盘
13:14:00,53.74,0.0,29,155859,卖盘
13:14:04,53.74,0.0,39,209606,卖盘
13:14:06,53.74,0.0,28,150472,买盘
13:14:09,53.73,-0.01,2,10746,卖盘
13:14:13,53.73,0.0,247,1327131,卖盘
13:14:15,53.72,-0.01,44,236371,卖盘
13:14:19,53.72,0.0,22,118184,卖盘
13:14:21,53.68,-0.04,361,1938596,卖盘
13:14:25,53.66,-0.02,57,305913,卖盘
13:14:28,53.67,0.01,18,96605,买盘
13:14:30,53.66,-0.01,8,42931,卖盘
13:14:33,53.66,0.0,8,42930,卖盘
13:14:37,53.66,0.0,83,445386,卖盘
13:14:39,53.66,0.0,10,53661,卖盘
13:14:43,53.67,0.01,57,305912,买盘
13:14:46,53.67,0.0,3,16101,卖盘
13:14:48,53.68,0.01,11,59044,买盘
13:14:52,53.68,0.0,5,26840,买盘
13:14:55,53.68,0.0,17,91250,买盘
13:14:57,53.68,0.0,20,107360,买盘
13:15:00,53.67,-0.01,26,139548,卖盘
13:15:04,53.66,-0.01,20,107333,卖盘
13:15:07,53.68,0.02,16,85881,买盘
13:15:09,53.68,0.0,106,568810,买盘
13:15:12,53.67,-0.01,24,128804,中性盘
13:15:16,53.68,0.01,19,101976,买盘
13:15:18,53.67,-0.01,3,16101,卖盘
13:15:22,53.67,0.0,2,10735,卖盘
13:15:24,53.67,0.0,14,75139,卖盘
13:15:27,53.67,0.0,11,59037,卖盘
13:15:30,53.68,0.01,20,107350,买盘
13:15:34,53.67,-0.01,1,5367,卖盘
13:15:37,53.67,0.0,85,456212,买盘
13:15:39,53.67,0.0,24,128810,卖盘
13:15:43,53.67,0.0,38,203946,卖盘
13:15:45,53.67,0.0,47,252303,买盘
13:15:48,53.68,0.01,26,139546,买盘
13:15:51,53.67,-0.01,114,611887,卖盘
13:15:54,53.67,0.0,43,230781,买盘
13:16:00,53.67,0.0,5,26835,买盘
13:16:04,53.68,0.01,41,220074,买盘
13:16:07,53.67,-0.01,9,48301,买盘
13:16:09,53.67,0.0,10,53670,卖盘
13:16:12,53.66,-0.01,5,26830,卖盘
13:16:15,53.67,0.01,5,26835,买盘
13:16:19,53.67,0.0,9,48303,卖盘
13:16:21,53.67,0.0,4,21468,卖盘
13:16:24,53.67,0.0,16,85872,卖盘
13:16:28,53.68,0.01,27,144930,买盘
13:16:31,53.68,0.0,3,16104,买盘
13:16:33,53.67,-0.01,4,21468,卖盘
13:16:36,53.68,0.01,19,101988,买盘
13:16:39,53.68,0.0,44,236186,卖盘
13:16:42,53.68,0.0,27,144936,买盘
13:16:45,53.67,-0.01,14,75150,卖盘
13:16:48,53.67,0.0,12,64412,卖盘
13:16:52,53.68,0.01,11,59047,买盘
13:16:54,53.68,0.0,65,348915,买盘
13:16:57,53.68,0.0,11,59046,买盘
13:17:01,53.68,0.0,5,26839,买盘
13:17:07,53.67,-0.01,2,10734,卖盘
13:17:10,53.67,0.0,15,80506,卖盘
13:17:12,53.68,0.01,36,193245,买盘
13:17:19,53.68,0.0,31,166404,买盘
13:17:21,53.68,0.0,22,118078,买盘
13:17:24,53.68,0.0,31,166405,买盘
13:17:27,53.67,-0.01,16,85877,卖盘
13:17:30,53.68,0.01,5,26836,买盘
13:17:34,53.68,0.0,14,75148,买盘
13:17:37,53.67,-0.01,34,182501,卖盘
13:17:39,53.68,0.01,38,203956,买盘
13:17:42,53.67,-0.01,98,525966,卖盘
13:17:45,53.67,0.0,5,26835,卖盘
13:17:48,53.67,0.0,49,262984,卖盘
13:17:51,53.67,0.0,30,162886,买盘
13:17:54,53.68,0.01,69,370379,买盘
13:18:01,53.67,-0.01,11,59044,卖盘
13:18:04,53.68,0.01,69,370432,买盘
13:18:07,53.67,-0.01,4,21468,卖盘
13:18:09,53.66,-0.01,14,75124,卖盘
13:18:13,53.66,0.0,70,375621,卖盘
13:18:16,53.66,0.0,42,225430,卖盘
13:18:18,53.66,0.0,4,21464,卖盘
13:18:21,53.68,0.02,21,112700,买盘
13:18:24,53.66,-0.02,1,5366,卖盘
13:18:27,53.68,0.02,5,26836,买盘
13:18:33,53.68,0.0,28,150255,买盘
13:18:36,53.66,-0.02,30,160980,卖盘
13:18:39,53.67,0.01,13,69771,中性盘
13:18:42,53.67,0.0,35,187868,卖盘
13:18:49,53.67,0.0,1,5367,卖盘
13:18:52,53.68,0.01,56,300608,买盘
13:18:55,53.67,-0.01,69,370323,卖盘
13:18:58,53.68,0.01,6,32203,买盘
13:19:01,53.67,-0.01,7,37569,卖盘
13:19:04,53.66,-0.01,112,599096,卖盘
13:19:07,53.65,-0.01,89,477573,卖盘
13:19:09,53.66,0.01,10,53655,买盘
13:19:12,53.65,-0.01,25,134125,卖盘
13:19:15,53.65,0.0,10,53650,卖盘
13:19:21,53.65,0.0,6,32190,卖盘
13:19:24,53.66,0.01,17,91222,买盘
13:19:27,53.66,0.0,3,16096,买盘
13:19:34,53.66,0.0,9,48289,买盘
13:19:37,53.65,-0.01,27,144856,卖盘
13:19:40,53.65,0.0,6,32190,卖盘
13:19:42,53.65,0.0,33,177045,卖盘
13:19:45,53.65,0.0,3,16095,卖盘
13:19:48,53.65,0.0,22,118038,卖盘
13:19:51,53.65,0.0,4,21460,卖盘
13:19:54,53.65,0.0,84,450660,卖盘
13:19:57,53.64,-0.01,5,26821,卖盘
13:20:01,53.65,0.01,8,42916,买盘
13:20:05,53.62,-0.03,5,26814,卖盘
13:20:07,53.62,0.0,53,284287,卖盘
13:20:09,53.64,0.02,209,1120678,买盘
13:20:13,53.62,-0.02,13,69706,卖盘
13:20:16,53.61,-0.01,63,337865,卖盘
13:20:18,53.62,0.01,40,214480,买盘
13:20:21,53.62,0.0,10,53620,买盘
13:20:25,53.61,-0.01,26,139408,卖盘
13:20:28,53.62,0.01,13,69694,买盘
13:20:30,53.61,-0.01,49,262689,卖盘
13:20:33,53.59,-0.02,882,4730246,卖盘
13:20:37,53.6,0.01,8,42878,买盘
13:20:40,53.6,0.0,22,117907,买盘
13:20:42,53.59,-0.01,2,10718,中性盘
13:20:49,53.58,-0.01,11,58948,卖盘
13:20:52,53.58,0.0,29,155389,卖盘
13:20:54,53.58,0.0,4,21432,卖盘
13:20:57,53.58,0.0,2,10716,卖盘
13:21:00,53.6,0.02,234,1254151,买盘
13:21:05,53.62,0.02,41,217077,买盘
13:21:07,53.64,0.02,48,257387,买盘
13:21:10,53.62,-0.02,11,58984,中性盘
13:21:12,53.6,-0.02,16,85780,卖盘
13:21:16,53.62,0.02,4,21448,买盘
13:21:19,53.6,-0.02,36,192973,卖盘
13:21:22,53.62,0.02,32,171582,买盘
13:21:24,53.64,0.02,8,42905,买盘
13:21:28,53.62,-0.02,18,96531,卖盘
13:21:31,53.64,0.02,22,117998,买盘
13:21:33,53.62,-0.02,430,2306927,卖盘
13:21:36,53.64,0.02,26,139463,中性盘
13:21:39,53.64,0.0,50,268200,买盘
13:21:42,53.66,0.02,25,134150,买盘
13:21:46,53.67,0.01,223,1196839,买盘
13:21:48,53.67,0.0,71,381057,买盘
13:21:52,53.66,-0.01,43,230774,买盘
13:21:54,53.67,0.01,47,252249,买盘
13:21:57,53.68,0.01,50,268371,买盘
13:22:01,53.67,-0.01,18,96622,卖盘
13:22:04,53.68,0.01,29,155665,买盘
13:22:06,53.67,-0.01,59,316697,卖盘
13:22:10,53.68,0.01,9,48312,买盘
13:22:12,53.68,0.0,15,80517,买盘
13:22:16,53.67,-0.01,91,488484,卖盘
13:22:18,53.68,0.01,64,343550,买盘
13:22:21,53.68,0.0,10,53681,卖盘
13:22:25,53.69,0.01,144,773025,买盘
13:22:28,53.69,0.0,18,96629,买盘
13:22:31,53.69,0.0,4,21474,买盘
13:22:33,53.69,0.0,5,26841,买盘
13:22:36,53.68,-0.01,66,354328,卖盘
13:22:39,53.68,0.0,25,134200,买盘
13:22:42,53.68,0.0,12,64416,买盘
13:22:45,53.69,0.01,15,80526,买盘
13:22:49,53.68,-0.01,1,5368,卖盘
13:22:52,53.68,0.0,4,21472,卖盘
13:22:54,53.69,0.01,44,236203,买盘
13:22:57,53.69,0.0,6,32214,买盘
13:23:00,53.68,-0.01,3,16105,卖盘
13:23:04,53.68,0.0,58,313235,卖盘
13:23:06,53.69,0.01,40,214740,买盘
13:23:09,53.69,0.0,9,48321,买盘
13:23:12,53.68,-0.01,108,579862,卖盘
13:23:16,53.68,0.0,102,547542,卖盘
13:23:19,53.69,0.01,7,37583,中性盘
13:23:22,53.68,-0.01,3,16105,卖盘
13:23:27,53.68,0.0,2,10736,卖盘
13:23:30,53.68,0.0,35,187885,卖盘
13:23:34,53.69,0.01,16,85892,买盘
13:23:36,53.68,-0.01,21,112728,卖盘
13:23:40,53.69,0.01,30,161058,买盘
13:23:42,53.68,-0.01,238,1277584,卖盘
13:23:45,53.68,0.0,71,379249,卖盘
13:23:48,53.66,-0.02,47,252230,卖盘
13:23:52,53.68,0.02,9,48300,买盘
13:23:54,53.66,-0.02,75,402356,卖盘
13:24:00,53.61,-0.05,39,209100,卖盘
13:24:05,53.66,0.05,7,37562,买盘
13:24:07,53.61,-0.05,4,21445,卖盘
13:24:12,53.61,0.0,33,176981,卖盘
13:24:16,53.6,-0.01,42,225141,卖盘
13:24:21,53.62,0.02,20,107208,买盘
13:24:24,53.6,-0.02,357,1913539,卖盘
13:24:27,53.59,-0.01,91,487759,卖盘
13:24:30,53.6,0.01,128,686077,买盘
13:24:33,53.59,-0.01,29,155431,卖盘
13:24:36,53.61,0.02,46,246564,买盘
13:24:40,53.59,-0.02,56,300108,卖盘
13:24:42,53.59,0.0,2,10718,卖盘
13:24:45,53.61,0.02,43,230488,买盘
13:24:48,53.65,0.04,33,177014,买盘
13:24:51,53.59,-0.06,18,96564,卖盘
13:24:57,53.6,0.01,1,5360,卖盘
13:25:00,53.64,0.04,4,21450,中性盘
13:25:04,53.65,0.01,7,37554,买盘
13:25:06,53.68,0.03,221,1186246,买盘
13:25:09,53.68,0.0,10,53680,卖盘
13:25:12,53.68,0.0,10,53680,卖盘
13:25:15,53.68,0.0,6,32208,卖盘
13:25:18,53.68,0.0,2,10736,卖盘
13:25:22,53.68,0.0,202,1084536,卖盘
13:25:25,53.68,0.0,9,48312,卖盘
13:25:27,53.68,0.0,58,311372,卖盘
13:25:30,53.68,0.0,9,48282,买盘
13:25:34,53.68,0.0,203,1089689,买盘
13:25:37,53.6,-0.08,4,21442,卖盘
13:25:40,53.6,0.0,17,91175,卖盘
13:25:42,53.6,0.0,8,42882,卖盘
13:25:46,53.65,0.05,26,139473,买盘
13:25:49,53.65,0.0,7,37555,买盘
13:25:51,53.61,-0.04,10,53626,卖盘
13:25:54,53.61,0.0,6,32166,卖盘
13:25:57,53.65,0.04,16,85839,买盘
13:26:05,53.61,-0.04,100,536160,卖盘
13:26:06,53.61,0.0,8,42886,买盘
13:26:10,53.61,0.0,48,257326,买盘
13:26:13,53.61,0.0,13,69733,卖盘
13:26:15,53.61,0.0,24,128732,卖盘
13:26:19,53.61,0.0,34,182286,卖盘
13:26:22,53.61,0.0,4,21448,卖盘
13:26:24,53.65,0.04,21,112656,买盘
13:26:28,53.61,-0.04,23,123316,卖盘
13:26:30,53.66,0.05,7,37561,买盘
13:26:34,53.61,-0.05,4,21444,卖盘
13:26:36,53.61,0.0,50,268265,卖盘
13:26:39,53.65,0.04,2,10730,买盘
13:26:43,53.61,-0.04,11,58987,卖盘
13:26:46,53.66,0.05,13,69756,买盘
13:26:48,53.68,0.02,1,5368,买盘
13:26:51,53.68,0.0,13,69772,买盘
13:26:54,53.68,0.0,26,139544,买盘
13:26:57,53.66,-0.02,105,563604,卖盘
13:27:00,53.65,-0.01,3,16096,卖盘
13:27:04,53.68,0.03,76,412300,买盘
13:27:06,53.65,-0.03,7,33171,买盘
13:27:12,53.65,0.0,11,59003,买盘
13:27:16,53.65,0.0,5,26819,买盘
13:27:21,53.65,0.0,8,42920,买盘
13:27:25,53.65,0.0,57,310120,买盘
13:27:28,53.65,0.0,4,21463,卖盘
13:27:31,53.66,0.01,7,37572,卖盘
13:27:33,53.66,0.0,7,37562,买盘
13:27:36,53.65,-0.01,7,37561,卖盘
13:27:39,53.66,0.01,8,42928,买盘
13:27:42,53.65,-0.01,9,43892,卖盘
13:27:46,53.66,0.01,14,75117,买盘
13:27:48,53.65,-0.01,5,26823,买盘
13:27:51,53.65,0.0,4,21460,买盘
13:27:55,53.62,-0.03,3,16088,卖盘
13:27:57,53.62,0.0,9,48272,卖盘
13:28:00,53.64,0.02,9,48276,买盘
13:28:07,53.62,-0.02,33,176988,卖盘
13:28:09,53.63,0.01,7,37539,买盘
13:28:13,53.62,-0.01,3,16086,卖盘
13:28:16,53.61,-0.01,70,375280,卖盘
13:28:18,53.63,0.02,9,48267,买盘
13:28:22,53.62,-0.01,3,16084,买盘
13:28:24,53.62,0.0,6,32172,买盘
13:28:28,53.62,0.0,30,160860,买盘
13:28:31,53.61,-0.01,7,37533,卖盘
13:28:33,53.62,0.01,24,128688,买盘
13:28:37,53.62,0.0,28,150137,卖盘
13:28:39,53.61,-0.01,39,209109,卖盘
13:28:42,53.61,0.0,34,182278,卖盘
13:28:45,53.63,0.02,37,198411,买盘
13:28:49,53.62,-0.01,22,117974,中性盘
13:28:51,53.63,0.01,11,58991,买盘
13:28:54,53.63,0.0,35,187687,买盘
13:28:58,53.64,0.01,1,5364,买盘
13:29:01,53.64,0.0,21,112643,买盘
13:29:04,53.64,0.0,3,16093,卖盘
13:29:07,53.65,0.01,42,225345,买盘
13:29:10,53.65,0.0,1,5365,买盘
13:29:12,53.64,-0.01,17,91191,卖盘
13:29:15,53.66,0.02,32,171682,买盘
13:29:21,53.67,0.01,6,32202,买盘
13:29:25,53.67,0.0,29,155578,买盘
13:29:30,53.65,-0.02,1,5365,卖盘
13:29:34,53.66,0.01,58,311268,买盘
13:29:37,53.64,-0.02,23,123391,卖盘
13:29:39,53.61,-0.03,188,1008037,卖盘
13:29:43,53.61,0.0,27,144836,卖盘
13:29:45,53.61,0.0,5,26805,买盘
13:29:49,53.61,0.0,12,64332,买盘
13:29:51,53.66,0.05,8,42916,买盘
13:29:54,53.63,-0.03,4,21452,卖盘
13:29:57,53.65,0.02,1,5365,中性盘
13:30:01,53.66,0.01,13,69748,买盘
13:30:04,53.65,-0.01,2,10730,买盘
13:30:06,53.65,0.0,40,214621,卖盘
13:30:10,53.65,0.0,54,289772,买盘
13:30:12,53.65,0.0,5,26825,卖盘
13:30:15,53.67,0.02,1,5367,买盘
13:30:19,53.64,-0.03,4,21457,卖盘
13:30:22,53.64,0.0,2,10728,卖盘
13:30:24,53.65,0.01,13,69745,买盘
13:30:27,53.64,-0.01,5,26823,卖盘
13:30:30,53.64,0.0,48,257517,卖盘
13:30:33,53.61,-0.03,472,2531441,卖盘
13:30:36,53.66,0.05,27,144882,买盘
13:30:40,53.65,-0.01,29,155619,卖盘
13:30:43,53.66,0.01,30,160980,买盘
13:30:46,53.67,0.01,46,246853,买盘
13:30:48,53.66,-0.01,17,91231,卖盘
13:30:51,53.66,0.0,7,37562,卖盘
13:30:55,53.67,0.01,8,42936,卖盘
13:30:57,53.68,0.01,42,225454,买盘
13:31:00,53.67,-0.01,22,118074,卖盘
13:31:04,53.68,0.01,32,171723,买盘
13:31:07,53.66,-0.02,33,177134,卖盘
13:31:10,53.65,-0.01,46,246823,卖盘
13:31:13,53.65,0.0,3,16095,卖盘
13:31:16,53.65,0.0,40,214672,卖盘
13:31:19,53.67,0.02,38,205771,买盘
13:31:22,53.68,0.01,15,78686,买盘
13:31:24,53.68,0.0,6,32208,买盘
13:31:27,53.68,0.0,25,134187,买盘
13:31:30,53.66,-0.02,6,32202,卖盘
13:31:33,53.67,0.01,28,150296,中性盘
13:31:36,53.66,-0.01,5,26836,中性盘
13:31:39,53.65,-0.01,8,42924,卖盘
13:31:43,53.65,0.0,12,64386,卖盘
13:31:45,53.65,0.0,25,134156,卖盘
13:31:49,53.65,0.0,42,225348,卖盘
13:31:51,53.63,-0.02,104,557955,卖盘
13:31:55,53.65,0.02,44,235945,买盘
13:31:57,53.65,0.0,16,85826,买盘
13:32:00,53.61,-0.04,22,117948,卖盘
13:32:05,53.65,0.04,25,134073,买盘
13:32:07,53.65,0.0,26,139398,买盘
13:32:10,53.61,-0.04,15,80415,卖盘
13:32:13,53.61,0.0,61,327153,卖盘
13:32:16,53.61,0.0,55,294861,卖盘
13:32:19,53.6,-0.01,87,466400,卖盘
13:32:22,53.6,0.0,44,235854,卖盘
13:32:24,53.6,0.0,1,5360,卖盘
13:32:27,53.6,0.0,5,26800,卖盘
13:32:30,53.6,0.0,36,192960,卖盘
13:32:33,53.6,0.0,22,117933,卖盘
13:32:37,53.6,0.0,51,273360,卖盘
13:32:39,53.6,0.0,1,5360,卖盘
13:32:43,53.6,0.0,101,541360,卖盘
13:32:46,53.61,0.01,146,782565,买盘
13:32:52,53.59,-0.02,372,1993621,卖盘
13:32:54,53.59,0.0,284,1523295,卖盘
13:32:57,53.6,0.01,11,58960,中性盘
13:33:01,53.59,-0.01,8,42875,卖盘
13:33:04,53.6,0.01,13,69672,买盘
13:33:07,53.59,-0.01,297,1591673,卖盘
13:33:10,53.59,0.0,2,10718,买盘
13:33:12,53.58,-0.01,671,3599450,卖盘
13:33:16,53.58,0.0,78,417908,买盘
13:33:18,53.57,-0.01,4,21428,卖盘
13:33:22,53.57,0.0,38,203566,卖盘
13:33:24,53.57,0.0,7,37501,卖盘
13:33:27,53.57,0.0,31,166096,卖盘
13:33:30,53.57,0.0,10,53570,卖盘
13:33:33,53.57,0.0,10,53570,卖盘
13:33:37,53.57,0.0,46,246429,卖盘
13:33:40,53.58,0.01,4,21429,买盘
13:33:43,53.57,-0.01,34,182138,卖盘
13:33:45,53.57,0.0,30,156425,卖盘
13:33:49,53.58,0.01,125,669719,买盘
13:33:52,53.56,-0.02,8,42848,卖盘
13:33:55,53.56,0.0,35,187469,卖盘
13:33:57,53.56,0.0,54,289330,卖盘
13:34:00,53.58,0.02,28,150018,买盘
13:34:04,53.56,-0.02,3,16068,卖盘
13:34:07,53.56,0.0,7,37498,卖盘
13:34:10,53.58,0.02,21,112514,买盘
13:34:12,53.57,-0.01,10,53571,中性盘
13:34:16,53.56,-0.01,32,171432,卖盘
13:34:18,53.58,0.02,8,42864,买盘
13:34:21,53.58,0.0,65,348304,买盘
13:34:24,53.6,0.02,124,668821,买盘
13:34:27,53.62,0.02,30,160802,买盘
13:34:30,53.6,-0.02,16,85790,卖盘
13:34:33,53.59,-0.01,96,514478,卖盘
13:34:36,53.6,0.01,6,32160,买盘
13:34:39,53.61,0.01,8,42884,买盘
13:34:43,53.6,-0.01,5,26803,卖盘
13:34:45,53.59,-0.01,28,147496,卖盘
13:34:49,53.61,0.02,35,187593,买盘
13:34:52,53.6,-0.01,2,10720,卖盘
13:34:55,53.6,0.0,5,26800,买盘
13:34:57,53.6,0.0,33,176878,买盘
13:35:00,53.6,0.0,8,42879,买盘
13:35:05,53.6,0.0,2,10720,买盘
13:35:07,53.59,-0.01,5,26795,卖盘
13:35:10,53.59,0.0,10,53590,卖盘
13:35:12,53.59,0.0,13,69669,卖盘
13:35:16,53.6,0.01,1,5360,买盘
13:35:18,53.59,-0.01,32,171518,卖盘
13:35:21,53.6,0.01,9,48238,买盘
13:35:28,53.6,0.0,46,246560,买盘
13:35:31,53.59,-0.01,12,64310,卖盘
13:35:34,53.59,0.0,10,53590,卖盘
13:35:36,53.59,0.0,72,388463,卖盘
13:35:39,53.59,0.0,24,128628,卖盘
13:35:43,53.59,0.0,5,26793,买盘
13:35:45,53.6,0.01,52,276091,买盘
13:35:49,53.59,-0.01,2,10718,卖盘
13:35:52,53.59,0.0,15,80397,卖盘
13:35:54,53.6,0.01,59,316240,买盘
13:35:57,53.61,0.01,21,112575,买盘
13:36:00,53.6,-0.01,7,37523,卖盘
13:36:05,53.6,0.0,4,21443,卖盘
13:36:07,53.6,0.0,56,300166,卖盘
13:36:10,53.6,0.0,3,16079,买盘
13:36:12,53.59,-0.01,6,32154,卖盘
13:36:15,53.6,0.01,1,5360,买盘
13:36:18,53.6,0.0,5,26800,买盘
13:36:21,53.6,0.0,131,701862,买盘
13:36:24,53.6,0.0,4,21436,买盘
13:36:27,53.59,-0.01,4,21436,买盘
13:36:30,53.6,0.01,5,26796,买盘
13:36:33,53.59,-0.01,6,32154,买盘
13:36:37,53.58,-0.01,18,96444,卖盘
13:36:40,53.59,0.01,13,69655,买盘
13:36:43,53.58,-0.01,10,53580,卖盘
13:36:45,53.58,0.0,17,91085,买盘
13:36:49,53.58,0.0,7,37506,买盘
13:36:52,53.57,-0.01,4,21431,卖盘
13:36:55,53.57,0.0,13,69643,卖盘
13:37:00,53.57,0.0,8,42856,买盘
13:37:04,53.56,-0.01,2,10713,卖盘
13:37:07,53.56,0.0,2,10712,卖盘
13:37:09,53.56,0.0,10,53567,卖盘
13:37:12,53.56,0.0,3,16068,卖盘
13:37:15,53.56,0.0,1,5356,卖盘
13:37:19,53.56,0.0,6,32136,卖盘
13:37:22,53.57,0.01,12,64284,买盘
13:37:25,53.57,0.0,3,16071,买盘
13:37:27,53.58,0.01,63,337507,买盘
13:37:30,53.58,0.0,14,75019,卖盘
13:37:33,53.58,0.0,27,144666,卖盘
13:37:37,53.56,-0.02,35,187492,卖盘
13:37:40,53.58,0.02,84,449992,买盘
13:37:42,53.57,-0.01,130,696288,买盘
13:37:46,53.56,-0.01,10,53560,卖盘
13:37:49,53.58,0.02,96,514340,买盘
13:37:52,53.58,0.0,23,123231,买盘
13:37:55,53.57,-0.01,8,42850,中性盘
13:37:58,53.56,-0.01,28,149972,卖盘
13:38:00,53.57,0.01,6,32140,买盘
13:38:04,53.57,0.0,27,144623,买盘
13:38:06,53.57,0.0,7,37494,买盘
13:38:09,53.57,0.0,29,155353,卖盘
13:38:13,53.54,-0.03,294,1574403,卖盘
13:38:16,53.55,0.01,7,37485,买盘
13:38:19,53.55,0.0,15,80312,买盘
13:38:22,53.54,-0.01,9,48190,卖盘
13:38:25,53.55,0.01,25,133875,买盘
13:38:28,53.56,0.01,7,37490,买盘
13:38:30,53.55,-0.01,58,310698,卖盘
13:38:34,53.56,0.01,5,26776,买盘
13:38:37,53.58,0.02,80,428536,买盘
13:38:39,53.55,-0.03,12,64267,中性盘
13:38:42,53.54,-0.01,40,214200,卖盘
13:38:45,53.56,0.02,11,58904,中性盘
13:38:48,53.56,0.0,4,21424,卖盘
13:38:51,53.56,0.0,3,16068,卖盘
13:38:55,53.57,0.01,15,80329,买盘
13:39:00,53.57,0.0,4,21428,卖盘
13:39:04,53.55,-0.02,35,187459,卖盘
13:39:07,53.55,0.0,10,53575,卖盘
13:39:10,53.57,0.02,4,21424,中性盘
13:39:12,53.55,-0.02,5,26777,卖盘
13:39:15,53.56,0.01,15,80340,中性盘
13:39:19,53.56,0.0,1,5356,买盘
13:39:21,53.55,-0.01,3,16066,卖盘
13:39:24,53.55,0.0,28,149947,卖盘
13:39:27,53.56,0.01,54,289209,买盘
13:39:33,53.55,-0.01,11,58906,卖盘
13:39:37,53.56,0.01,28,149931,买盘
13:39:39,53.56,0.0,62,332103,买盘
