time,price,change,volume,amount,type
09:25:04,63.0,-0.12,3526,22213800,卖盘
09:30:00,62.99,-0.01,235,1480448,卖盘
09:30:04,62.95,-0.04,1580,9952429,卖盘
09:30:07,62.94,-0.01,222,1397737,中性盘
09:30:10,62.9,-0.04,239,1504202,卖盘
09:30:13,62.9,0.0,155,974919,卖盘
09:30:15,62.91,0.01,245,1541602,买盘
09:30:18,62.87,-0.04,22,138369,卖盘
09:30:22,62.87,0.0,92,578471,卖盘
09:30:25,62.86,-0.01,16,100590,中性盘
09:30:28,62.82,-0.04,73,458609,卖盘
09:30:31,62.8,-0.02,87,546428,卖盘
09:30:33,62.81,0.01,55,345422,买盘
09:30:37,62.8,-0.01,92,577772,卖盘
09:30:39,62.8,0.0,138,866637,卖盘
09:30:43,62.76,-0.04,111,696749,卖盘
09:30:45,62.75,-0.01,94,590044,卖盘
09:30:49,62.78,0.03,202,1267096,买盘
09:30:51,62.71,-0.07,216,1355470,卖盘
09:30:55,62.68,-0.03,92,576781,卖盘
09:30:57,62.67,-0.01,131,820738,卖盘
09:31:01,62.65,-0.02,25,156633,中性盘
09:31:04,62.61,-0.04,155,970575,卖盘
09:31:06,62.62,0.01,129,807578,买盘
09:31:09,62.56,-0.06,244,1527050,卖盘
09:31:12,62.58,0.02,165,1032636,买盘
09:31:16,62.54,-0.04,258,1614049,卖盘
09:31:19,62.56,0.02,144,900652,买盘
09:31:21,62.6,0.04,239,1495222,买盘
09:31:25,62.58,-0.02,406,2541547,卖盘
09:31:27,62.64,0.06,171,1070630,买盘
09:31:31,62.59,-0.05,417,2609950,卖盘
09:31:33,62.67,0.08,270,1689929,买盘
09:31:37,62.59,-0.08,524,3278509,卖盘
09:31:40,62.58,-0.01,190,1189207,卖盘
09:31:42,62.62,0.04,148,926438,买盘
09:31:46,62.62,0.0,94,588608,卖盘
09:31:48,62.62,0.0,217,1358531,卖盘
09:31:52,62.61,-0.01,203,1271311,买盘
09:31:55,62.62,0.01,189,1183420,中性盘
09:31:57,62.64,0.02,57,357011,卖盘
09:32:01,62.64,0.0,244,1529061,卖盘
09:32:05,62.67,0.03,206,1290230,中性盘
09:32:07,62.68,0.01,77,482526,中性盘
09:32:10,62.7,0.02,28,175527,买盘
09:32:13,62.72,0.02,248,1554163,买盘
09:32:15,62.7,-0.02,178,1115742,卖盘
09:32:19,62.75,0.05,199,1247640,买盘
09:32:22,62.75,0.0,114,714994,买盘
09:32:25,62.72,-0.03,60,376433,卖盘
09:32:27,62.77,0.05,134,840611,买盘
09:32:31,62.72,-0.05,193,1210794,卖盘
09:32:33,62.72,0.0,129,808978,买盘
09:32:37,62.7,-0.02,495,3103769,卖盘
09:32:39,62.72,0.02,290,1817565,买盘
09:32:43,62.72,0.0,279,1748747,买盘
09:32:45,62.68,-0.04,264,1654715,中性盘
09:32:49,62.72,0.04,115,720778,买盘
09:32:51,62.72,0.0,189,1184682,卖盘
09:32:55,62.68,-0.04,429,2692624,卖盘
09:32:57,62.71,0.03,87,545138,买盘
09:33:00,62.69,-0.02,68,426430,卖盘
09:33:04,62.71,0.02,76,476535,中性盘
09:33:07,62.7,-0.01,89,557943,买盘
09:33:10,62.7,0.0,187,1172380,买盘
09:33:13,62.7,0.0,132,827635,卖盘
09:33:16,62.7,0.0,545,3416402,买盘
09:33:19,62.7,0.0,114,714788,买盘
09:33:22,62.7,0.0,96,601941,卖盘
09:33:24,62.7,0.0,74,463987,买盘
09:33:28,62.7,0.0,114,714825,卖盘
09:33:31,62.71,0.01,69,432651,买盘
09:33:33,62.85,0.14,946,5936407,买盘
09:33:37,62.72,-0.13,30,188146,中性盘
09:33:39,62.85,0.13,135,847539,买盘
09:33:43,62.72,-0.13,17,106641,卖盘
09:33:45,62.73,0.01,67,420385,中性盘
09:33:49,62.74,0.01,417,2625847,中性盘
09:33:51,62.85,0.11,155,976829,卖盘
09:33:54,62.85,0.0,55,345270,买盘
09:33:58,62.73,-0.12,59,370459,卖盘
09:34:01,62.85,0.12,168,1054541,卖盘
09:34:04,62.85,0.0,66,414547,买盘
09:34:07,62.85,0.0,83,521769,卖盘
09:34:10,62.85,0.0,29,182275,卖盘
09:34:12,62.88,0.03,124,779361,中性盘
09:34:16,62.85,-0.03,167,1049833,卖盘
09:34:19,62.85,0.0,59,370835,买盘
09:34:22,62.88,0.03,154,967557,买盘
09:34:25,62.85,-0.03,750,4710982,买盘
09:34:28,62.95,0.1,647,4068421,买盘
09:34:31,62.9,-0.05,9,56599,中性盘
09:34:33,62.89,-0.01,144,904899,卖盘
09:34:37,62.9,0.01,15,94318,买盘
09:34:39,62.9,0.0,59,371043,买盘
09:34:42,62.89,-0.01,64,402541,卖盘
09:34:45,62.9,0.01,50,314534,中性盘
09:34:48,62.93,0.03,24,150973,买盘
09:34:52,62.89,-0.04,106,666723,卖盘
09:34:55,62.89,0.0,131,823823,买盘
09:34:58,62.86,-0.03,39,245242,卖盘
09:35:01,62.89,0.03,549,3453625,买盘
09:35:04,62.93,0.04,54,339632,买盘
09:35:07,62.92,-0.01,62,390051,中性盘
09:35:09,62.89,-0.03,121,761287,卖盘
09:35:13,62.87,-0.02,170,1068953,卖盘
09:35:15,62.85,-0.02,125,785599,卖盘
09:35:19,62.85,0.0,374,2348902,买盘
09:35:21,62.89,0.04,512,3219409,买盘
09:35:25,62.81,-0.08,56,351764,中性盘
09:35:27,62.85,0.04,256,1607973,买盘
09:35:30,62.8,-0.05,165,1036585,卖盘
09:35:33,62.81,0.01,106,665779,买盘
09:35:36,62.8,-0.01,52,326588,卖盘
09:35:40,62.81,0.01,36,226085,买盘
09:35:43,62.8,-0.01,137,860409,中性盘
09:35:46,62.79,-0.01,35,219757,中性盘
09:35:48,62.8,0.01,57,357970,买盘
09:35:52,62.81,0.01,131,822806,买盘
09:35:54,62.81,0.0,35,219808,卖盘
09:35:57,62.81,0.0,56,351734,买盘
09:36:01,62.8,-0.01,225,1413148,卖盘
09:36:04,62.94,0.14,539,3389499,买盘
09:36:07,62.8,-0.14,288,1808669,卖盘
09:36:09,62.81,0.01,84,527569,买盘
09:36:13,62.81,0.0,305,1914947,买盘
09:36:15,62.8,-0.01,73,458386,卖盘
09:36:18,62.8,0.0,248,1558883,买盘
09:36:21,62.81,0.01,44,276324,中性盘
09:36:28,62.81,0.0,139,873151,卖盘
09:36:30,62.82,0.01,17,106804,中性盘
09:36:34,62.81,-0.01,25,157041,卖盘
09:36:37,62.81,0.0,17,106777,买盘
09:36:39,62.8,-0.01,94,590380,卖盘
09:36:43,62.8,0.0,95,596665,卖盘
09:36:45,62.81,0.01,97,609230,买盘
09:36:48,62.8,-0.01,366,2297838,卖盘
09:36:52,62.8,0.0,352,2210824,买盘
09:36:55,62.8,0.0,60,376737,买盘
09:36:58,62.8,0.0,92,577441,买盘
09:37:00,62.78,-0.02,18,113003,中性盘
09:37:04,62.8,0.02,109,684235,买盘
09:37:07,62.85,0.05,326,2047435,买盘
09:37:10,62.8,-0.05,149,936230,卖盘
09:37:13,62.8,0.0,3,18840,卖盘
09:37:16,62.8,0.0,93,584070,卖盘
09:37:18,62.85,0.05,430,2700431,中性盘
09:37:22,62.8,-0.05,159,998454,买盘
09:37:25,62.8,0.0,467,2936094,买盘
09:37:27,62.81,0.01,340,2137356,中性盘
09:37:31,62.82,0.01,1,6282,中性盘
09:37:34,62.82,0.0,111,697231,卖盘
09:37:37,62.82,0.0,67,420923,买盘
09:37:40,62.87,0.05,75,471211,买盘
09:37:43,62.9,0.03,83,522016,买盘
09:37:45,62.82,-0.08,225,1414784,卖盘
09:37:48,62.81,-0.01,633,3983364,卖盘
09:37:51,62.9,0.09,82,515202,中性盘
09:37:54,62.82,-0.08,97,609542,卖盘
09:37:57,62.9,0.08,81,509069,买盘
09:38:01,62.9,0.0,5,31423,买盘
09:38:05,62.9,0.0,13,81725,买盘
09:38:07,62.89,-0.01,297,1868115,买盘
09:38:10,62.88,-0.01,23,144661,卖盘
09:38:13,62.88,0.0,530,3336004,卖盘
09:38:15,62.89,0.01,63,395907,买盘
09:38:19,62.88,-0.01,36,226380,卖盘
09:38:21,62.87,-0.01,63,395875,中性盘
09:38:25,62.86,-0.01,583,3665374,中性盘
09:38:28,62.86,0.0,42,264028,卖盘
09:38:31,62.87,0.01,51,320630,买盘
09:38:34,62.83,-0.04,412,2590095,卖盘
09:38:37,62.84,0.01,73,458722,中性盘
09:38:39,62.82,-0.02,1196,7523559,卖盘
09:38:42,62.84,0.02,30,188469,中性盘
09:38:46,62.82,-0.02,99,622025,卖盘
09:38:48,62.83,0.01,9,56554,中性盘
09:38:52,62.83,0.0,129,810375,卖盘
09:38:55,62.82,-0.01,57,358114,卖盘
09:38:58,62.83,0.01,162,1017724,中性盘
09:39:00,62.82,-0.01,44,276389,中性盘
09:39:05,62.81,-0.01,120,753699,卖盘
09:39:07,62.81,0.0,1098,6895451,买盘
09:39:10,62.81,0.0,120,753635,买盘
09:39:12,62.8,-0.01,181,1136695,卖盘
09:39:16,62.8,0.0,458,2875817,买盘
09:39:18,62.79,-0.01,72,452134,卖盘
09:39:21,62.78,-0.01,126,791170,卖盘
09:39:25,62.79,0.01,116,728301,买盘
09:39:28,62.79,0.0,168,1054729,买盘
09:39:31,62.78,-0.01,22,138118,中性盘
09:39:33,62.78,0.0,94,590072,卖盘
09:39:37,62.78,0.0,127,797235,买盘
09:39:40,62.77,-0.01,95,596328,中性盘
09:39:43,62.78,0.01,16,100439,买盘
09:39:46,62.77,-0.01,187,1173860,卖盘
09:39:48,62.77,0.0,32,200838,买盘
09:39:52,62.76,-0.01,88,552316,卖盘
09:39:55,62.77,0.01,364,2284536,买盘
09:39:58,62.76,-0.01,255,1600358,卖盘
09:40:01,62.74,-0.02,38,238445,卖盘
09:40:04,62.76,0.02,189,1185948,买盘
09:40:07,62.76,0.0,257,1610021,买盘
09:40:10,62.73,-0.03,243,1527282,卖盘
09:40:13,62.75,0.02,97,608608,买盘
09:40:16,62.71,-0.04,145,909446,卖盘
09:40:19,62.71,0.0,60,376274,卖盘
09:40:22,62.72,0.01,98,614572,买盘
09:40:25,62.7,-0.02,640,4009482,卖盘
09:40:27,62.7,0.0,120,752354,买盘
09:40:30,62.7,0.0,48,300951,买盘
09:40:33,62.68,-0.02,322,2018320,卖盘
09:40:37,62.68,0.0,191,1197183,卖盘
09:40:39,62.65,-0.03,741,4644654,卖盘
09:40:43,62.67,0.02,67,419779,买盘
09:40:45,62.65,-0.02,76,476109,卖盘
09:40:49,62.62,-0.03,262,1640715,卖盘
09:40:51,62.61,-0.01,430,2692274,卖盘
09:40:55,62.61,0.0,110,688843,卖盘
09:40:57,62.61,0.0,133,832684,卖盘
09:41:00,62.61,0.0,83,519673,买盘
09:41:04,62.61,0.0,113,707449,卖盘
09:41:07,62.61,0.0,78,488404,卖盘
09:41:10,62.61,0.0,138,864111,卖盘
09:41:13,62.6,-0.01,866,5421466,卖盘
09:41:16,62.62,0.02,193,1211733,中性盘
09:41:19,62.61,-0.01,59,369158,卖盘
09:41:22,62.62,0.01,180,1127242,买盘
09:41:25,62.61,-0.01,82,513185,卖盘
09:41:27,62.62,0.01,225,1408671,中性盘
09:41:31,62.61,-0.01,133,832847,卖盘
09:41:34,62.6,-0.01,169,1058112,卖盘
09:41:37,62.63,0.03,134,839213,买盘
09:41:40,62.61,-0.02,61,381980,卖盘
09:41:42,62.64,0.03,26,162846,买盘
09:41:45,62.63,-0.01,40,250530,卖盘
09:41:49,62.63,0.0,100,626375,卖盘
09:41:51,62.63,0.0,38,237978,卖盘
09:41:54,62.63,0.0,66,413430,卖盘
09:41:58,62.64,0.01,49,306921,中性盘
09:42:00,62.63,-0.01,155,970761,卖盘
09:42:04,62.63,0.0,111,695272,中性盘
09:42:07,62.64,0.01,85,532431,买盘
09:42:10,62.64,0.0,137,858085,卖盘
09:42:13,62.65,0.01,35,219274,卖盘
09:42:15,62.63,-0.02,175,1096191,卖盘
09:42:19,62.66,0.03,149,933429,买盘
09:42:21,62.66,0.0,11,68919,中性盘
09:42:24,62.67,0.01,46,288236,买盘
09:42:27,62.66,-0.01,236,1475412,卖盘
09:42:31,62.67,0.01,113,708075,买盘
09:42:33,62.63,-0.04,125,783116,卖盘
09:42:37,62.64,0.01,158,989642,卖盘
09:42:40,62.67,0.03,84,526344,买盘
09:42:42,62.7,0.03,193,1209791,买盘
09:42:46,62.7,0.0,24,150480,卖盘
09:42:49,62.7,0.0,152,953060,卖盘
09:42:51,62.7,0.0,202,1266532,卖盘
09:42:55,62.68,-0.02,123,771205,卖盘
09:42:58,62.7,0.02,21,131664,买盘
09:43:01,62.7,0.0,52,326061,卖盘
09:43:04,62.71,0.01,113,708536,买盘
09:43:07,62.7,-0.01,27,169299,卖盘
09:43:10,62.72,0.02,58,363671,买盘
09:43:13,62.72,0.0,123,771540,买盘
09:43:16,62.7,-0.02,79,495378,卖盘
09:43:18,62.75,0.05,188,1179371,买盘
09:43:21,62.75,0.0,18,112954,卖盘
09:43:25,62.72,-0.03,132,828031,卖盘
09:43:27,62.72,0.0,81,508281,卖盘
09:43:31,62.72,0.0,14,87810,卖盘
09:43:34,62.75,0.03,34,213277,买盘
09:43:37,62.73,-0.02,19,119192,卖盘
09:43:40,62.75,0.02,127,796763,买盘
09:43:43,62.76,0.01,116,727871,买盘
09:43:46,62.75,-0.01,65,407875,卖盘
09:43:49,62.8,0.05,879,5519082,买盘
09:43:52,62.8,0.0,41,257480,卖盘
09:43:54,62.81,0.01,117,734765,买盘
09:43:57,62.81,0.0,96,602783,买盘
09:44:01,62.8,-0.01,49,307719,买盘
09:44:04,62.8,0.0,35,219770,买盘
09:44:07,62.8,0.0,180,1130339,买盘
09:44:09,62.83,0.03,4,25126,买盘
09:44:13,62.77,-0.06,144,903991,卖盘
09:44:16,62.76,-0.01,52,326427,卖盘
09:44:19,62.8,0.04,37,232331,买盘
09:44:22,62.78,-0.02,26,163182,中性盘
09:44:25,62.75,-0.03,44,276130,卖盘
09:44:28,62.78,0.03,30,188370,中性盘
09:44:31,62.79,0.01,28,175731,买盘
09:44:33,62.75,-0.04,23,144342,卖盘
09:44:37,62.79,0.04,54,339005,买盘
09:44:40,62.75,-0.04,46,288710,卖盘
09:44:43,62.79,0.04,4,25112,买盘
09:44:45,62.78,-0.01,34,213389,中性盘
09:44:49,62.78,0.0,37,232206,买盘
09:44:52,62.8,0.02,744,4672040,买盘
09:44:54,62.8,0.0,170,1067600,卖盘
09:44:58,62.8,0.0,255,1601409,卖盘
09:45:00,62.79,-0.01,45,282525,买盘
09:45:04,62.76,-0.03,54,338996,卖盘
09:45:07,62.76,0.0,42,263624,卖盘
09:45:10,62.74,-0.02,205,1286097,卖盘
09:45:12,62.74,0.0,26,163104,买盘
09:45:16,62.74,0.0,57,357493,买盘
09:45:18,62.7,-0.04,30,188134,卖盘
09:45:22,62.71,0.01,244,1529894,买盘
09:45:24,62.7,-0.01,30,188095,中性盘
09:45:28,62.68,-0.02,117,733447,卖盘
09:45:30,62.67,-0.01,78,488899,卖盘
09:45:34,62.68,0.01,107,670621,买盘
09:45:37,62.68,0.0,79,495015,买盘
09:45:40,62.65,-0.03,30,187992,卖盘
09:45:42,62.65,0.0,146,914824,卖盘
09:45:46,62.68,0.03,142,889748,买盘
09:45:48,62.65,-0.03,57,357098,中性盘
09:45:52,62.65,0.0,21,131605,中性盘
09:45:55,62.66,0.01,227,1421994,中性盘
09:45:58,62.65,-0.01,76,476289,卖盘
09:46:01,62.65,0.0,26,162910,卖盘
09:46:04,62.65,0.0,40,250594,卖盘
09:46:07,62.65,0.0,100,626497,买盘
09:46:10,62.66,0.01,113,707933,买盘
09:46:13,62.66,0.0,49,306987,卖盘
09:46:15,62.63,-0.03,56,350812,卖盘
09:46:18,62.64,0.01,92,576258,买盘
09:46:21,62.64,0.0,48,300695,卖盘
09:46:25,62.63,-0.01,307,1922776,卖盘
09:46:27,62.64,0.01,88,551167,中性盘
09:46:31,62.63,-0.01,118,738999,卖盘
09:46:34,62.63,0.0,101,632609,买盘
09:46:37,62.63,0.0,46,288086,买盘
09:46:40,62.63,0.0,70,438361,买盘
09:46:42,62.61,-0.02,454,2842797,卖盘
09:46:45,62.62,0.01,327,2047669,买盘
09:46:48,62.6,-0.02,126,788930,卖盘
09:46:51,62.62,0.02,625,3912549,买盘
09:46:54,62.6,-0.02,519,3249083,卖盘
09:46:57,62.62,0.02,105,657391,买盘
09:47:01,62.6,-0.02,295,1846453,卖盘
09:47:05,62.6,0.0,162,1013849,买盘
09:47:07,62.6,0.0,235,1470929,买盘
09:47:09,62.58,-0.02,49,309641,卖盘
09:47:13,62.58,0.0,182,1138897,卖盘
09:47:16,62.58,0.0,155,969840,买盘
09:47:18,62.57,-0.01,135,844657,卖盘
09:47:22,62.57,0.0,134,838333,买盘
09:47:25,62.56,-0.01,107,669380,卖盘
09:47:28,62.56,0.0,73,456722,卖盘
09:47:31,62.56,0.0,163,1019583,买盘
09:47:34,62.56,0.0,98,612939,买盘
09:47:37,62.54,-0.02,60,375272,卖盘
09:47:39,62.54,0.0,55,343974,卖盘
09:47:43,62.54,0.0,73,456509,买盘
09:47:46,62.53,-0.01,258,1613386,卖盘
09:47:49,62.53,0.0,96,600287,卖盘
09:47:52,62.53,0.0,73,456418,买盘
09:47:55,62.53,0.0,169,1056606,买盘
09:47:58,62.53,0.0,144,900322,买盘
09:48:01,62.52,-0.01,319,1994688,卖盘
09:48:05,62.53,0.01,149,931627,中性盘
09:48:07,62.52,-0.01,152,950366,卖盘
09:48:10,62.54,0.02,296,1850675,买盘
09:48:13,62.53,-0.01,57,356425,卖盘
09:48:15,62.53,0.0,99,618965,买盘
09:48:18,62.53,0.0,219,1369282,买盘
09:48:21,62.52,-0.01,131,819028,卖盘
09:48:25,62.52,0.0,271,1693981,卖盘
09:48:27,62.52,0.0,131,818941,买盘
09:48:30,62.51,-0.01,151,943960,卖盘
09:48:34,62.51,0.0,271,1694055,卖盘
09:48:36,62.52,0.01,90,562631,买盘
09:48:40,62.52,0.0,130,812651,买盘
09:48:42,62.5,-0.02,678,4238008,卖盘
09:48:46,62.51,0.01,199,1243847,买盘
09:48:48,62.5,-0.01,308,1925051,卖盘
09:48:51,62.51,0.01,75,468789,买盘
09:48:55,62.51,0.0,196,1225030,买盘
09:48:57,62.51,0.0,530,3312536,买盘
09:49:00,62.51,0.0,468,2925035,买盘
09:49:05,62.51,0.0,98,612522,买盘
09:49:07,62.51,0.0,272,1700030,买盘
09:49:10,62.5,-0.01,312,1950113,卖盘
09:49:12,62.51,0.01,477,2981295,买盘
09:49:15,62.5,-0.01,207,1293738,卖盘
09:49:18,62.5,0.0,104,649897,买盘
09:49:21,62.5,0.0,213,1330831,买盘
09:49:24,62.49,-0.01,168,1049564,中性盘
09:49:27,62.5,0.01,185,1155958,买盘
09:49:30,62.43,-0.07,264,1648499,卖盘
09:49:33,62.44,0.01,53,330906,买盘
09:49:36,62.46,0.02,252,1573457,买盘
09:49:40,62.42,-0.04,109,680411,卖盘
09:49:43,62.44,0.02,66,412081,买盘
09:49:45,62.42,-0.02,104,649245,卖盘
09:49:49,62.42,0.0,76,474406,卖盘
09:49:51,62.42,0.0,96,599183,买盘
09:49:55,62.42,0.0,147,917518,买盘
09:49:57,62.41,-0.01,216,1348225,卖盘
09:50:00,62.42,0.01,243,1516692,买盘
09:50:05,62.4,-0.02,361,2252841,卖盘
09:50:07,62.41,0.01,204,1273103,买盘
09:50:10,62.41,0.0,552,3444570,买盘
09:50:13,62.41,0.0,625,3899744,买盘
09:50:15,62.4,-0.01,153,954629,卖盘
09:50:19,62.39,-0.01,102,636428,中性盘
09:50:21,62.41,0.02,178,1110782,买盘
09:50:25,62.38,-0.03,109,680044,卖盘
09:50:28,62.4,0.02,94,586485,买盘
09:50:31,62.4,0.0,106,661316,买盘
09:50:33,62.39,-0.01,109,680026,中性盘
09:50:37,62.38,-0.01,240,1497161,卖盘
09:50:39,62.38,0.0,255,1590459,买盘
09:50:43,62.38,0.0,104,648716,买盘
09:50:45,62.38,0.0,275,1715144,买盘
09:50:49,62.35,-0.03,244,1521635,卖盘
09:50:51,62.37,0.02,152,947782,买盘
09:50:54,62.34,-0.03,138,860350,卖盘
09:50:57,62.34,0.0,240,1496768,卖盘
09:51:00,62.37,0.03,182,1134730,买盘
09:51:04,62.37,0.0,30,187115,卖盘
09:51:07,62.36,-0.01,103,642392,卖盘
09:51:10,62.36,0.0,123,767055,买盘
09:51:13,62.37,0.01,225,1403185,买盘
09:51:16,62.36,-0.01,109,679760,卖盘
09:51:19,62.4,0.04,499,3112449,买盘
09:51:22,62.4,0.0,94,586379,买盘
09:51:25,62.4,0.0,300,1871785,买盘
09:51:28,62.4,0.0,46,287050,卖盘
09:51:30,62.4,0.0,102,636505,卖盘
09:51:34,62.42,0.02,377,2353665,买盘
09:51:36,62.43,0.01,305,1903408,买盘
09:51:40,62.43,0.0,187,1167284,买盘
09:51:43,62.43,0.0,326,2034566,卖盘
09:51:46,62.44,0.01,144,898868,买盘
09:51:49,62.44,0.0,86,536933,卖盘
09:51:51,62.48,0.04,63,393477,买盘
09:51:54,62.47,-0.01,92,574669,卖盘
09:51:57,62.48,0.01,62,387322,买盘
09:52:00,62.48,0.0,224,1399767,买盘
09:52:05,62.49,0.01,73,456160,买盘
09:52:07,62.47,-0.02,55,343627,卖盘
09:52:09,62.5,0.03,105,656133,买盘
09:52:13,62.49,-0.01,47,293726,中性盘
09:52:16,62.49,0.0,72,449930,卖盘
09:52:18,62.5,0.01,78,487420,买盘
09:52:22,62.49,-0.01,138,862392,中性盘
09:52:24,62.49,0.0,149,931090,卖盘
09:52:28,62.49,0.0,116,724802,买盘
09:52:31,62.5,0.01,211,1318552,买盘
09:52:33,62.5,0.0,92,574895,买盘
09:52:37,62.5,0.0,100,624959,买盘
09:52:39,62.49,-0.01,129,806078,中性盘
09:52:43,62.49,0.0,109,681141,卖盘
09:52:46,62.5,0.01,219,1368363,买盘
09:52:49,62.5,0.0,201,1255853,买盘
09:52:51,62.5,0.0,101,631205,买盘
09:52:54,62.5,0.0,146,912366,买盘
09:52:58,62.5,0.0,182,1137256,买盘
09:53:00,62.5,0.0,151,943534,买盘
09:53:04,62.5,0.0,35,218718,买盘
09:53:07,62.46,-0.04,141,880814,卖盘
09:53:10,62.46,0.0,28,174891,卖盘
09:53:12,62.48,0.02,74,462178,买盘
09:53:15,62.45,-0.03,110,686982,卖盘
09:53:18,62.45,0.0,159,992853,买盘
09:53:21,62.45,0.0,404,2522771,买盘
09:53:25,62.43,-0.02,183,1142386,卖盘
09:53:27,62.41,-0.02,200,1248821,卖盘
09:53:31,62.45,0.04,123,767794,买盘
09:53:34,62.45,0.0,390,2434785,卖盘
09:53:36,62.43,-0.02,102,636939,卖盘
09:53:40,62.43,0.0,98,611694,买盘
09:53:42,62.4,-0.03,356,2222067,卖盘
09:53:45,62.44,0.04,39,243439,买盘
09:53:49,62.45,0.01,194,1211170,买盘
09:53:52,62.45,0.0,24,149880,卖盘
09:53:54,62.43,-0.02,175,1092522,卖盘
09:53:58,62.43,0.0,73,455791,卖盘
09:54:00,62.43,0.0,101,630412,买盘
09:54:04,62.45,0.02,67,418396,买盘
09:54:07,62.43,-0.02,63,393405,卖盘
09:54:09,62.47,0.04,261,1629695,买盘
09:54:13,62.43,-0.04,62,387205,卖盘
09:54:15,62.45,0.02,131,817878,卖盘
09:54:19,62.45,0.0,58,362130,买盘
09:54:21,62.47,0.02,153,955364,买盘
09:54:25,62.45,-0.02,74,462167,卖盘
09:54:27,62.44,-0.01,47,293531,卖盘
09:54:31,62.46,0.02,66,412142,买盘
09:54:33,62.46,0.0,95,593362,买盘
09:54:36,62.45,-0.01,292,1823681,卖盘
09:54:40,62.46,0.01,79,493370,买盘
09:54:43,62.46,0.0,198,1236543,买盘
09:54:45,62.45,-0.01,75,468395,卖盘
09:54:49,62.44,-0.01,118,736849,卖盘
09:54:51,62.45,0.01,120,749394,买盘
09:54:55,62.45,0.0,154,961649,买盘
09:54:58,62.45,0.0,132,824964,买盘
09:55:01,62.45,0.0,118,736910,卖盘
09:55:04,62.46,0.01,92,574596,买盘
09:55:07,62.45,-0.01,104,649545,卖盘
09:55:09,62.45,0.0,111,693233,卖盘
09:55:13,62.44,-0.01,299,1866518,卖盘
09:55:15,62.46,0.02,106,661904,买盘
09:55:19,62.45,-0.01,89,555689,中性盘
09:55:21,62.45,0.0,57,355994,卖盘
09:55:25,62.46,0.01,71,443430,买盘
09:55:27,62.45,-0.01,48,299772,卖盘
09:55:31,62.46,0.01,50,312248,买盘
09:55:34,62.45,-0.01,26,162386,卖盘
09:55:36,62.45,0.0,109,680716,卖盘
09:55:40,62.46,0.01,98,612041,买盘
09:55:43,62.46,0.0,76,474629,买盘
09:55:45,62.46,0.0,50,312283,买盘
09:55:48,62.47,0.01,114,712000,买盘
09:55:52,62.46,-0.01,45,281074,卖盘
09:55:55,62.47,0.01,62,387269,买盘
09:55:57,62.47,0.0,33,206127,买盘
09:56:01,62.47,0.0,97,605886,买盘
09:56:04,62.46,-0.01,80,499703,卖盘
09:56:06,62.46,0.0,99,618415,卖盘
09:56:09,62.47,0.01,109,680824,买盘
09:56:13,62.46,-0.01,201,1255402,卖盘
09:56:15,62.47,0.01,94,587142,买盘
09:56:19,62.46,-0.01,126,786945,买盘
09:56:21,62.46,0.0,60,374724,买盘
09:56:24,62.45,-0.01,119,743139,卖盘
09:56:28,62.46,0.01,30,187993,买盘
09:56:30,62.46,0.0,52,324774,卖盘
09:56:34,62.46,0.0,176,1099313,卖盘
09:56:36,62.47,0.01,117,730675,中性盘
09:56:39,62.46,-0.01,124,774591,卖盘
09:56:42,62.47,0.01,306,1911411,买盘
09:56:46,62.46,-0.01,46,287327,卖盘
09:56:48,62.47,0.01,134,836929,买盘
09:56:52,62.46,-0.01,20,124923,卖盘
09:56:55,62.46,0.0,99,618347,买盘
09:56:58,62.45,-0.01,292,1823536,卖盘
09:57:00,62.44,-0.01,264,1647844,卖盘
09:57:04,62.43,-0.01,95,593134,卖盘
09:57:07,62.43,0.0,501,3127636,卖盘
09:57:10,62.43,0.0,145,905152,买盘
09:57:13,62.41,-0.02,179,1117155,卖盘
09:57:16,62.43,0.02,141,880039,买盘
09:57:18,62.43,0.0,101,630383,买盘
09:57:21,62.41,-0.02,25,156039,卖盘
09:57:25,62.43,0.02,328,2047729,买盘
09:57:28,62.43,0.0,124,774143,卖盘
09:57:31,62.45,0.02,43,268493,买盘
09:57:34,62.45,0.0,21,131123,买盘
09:57:36,62.43,-0.02,67,418324,卖盘
09:57:39,62.43,0.0,141,880287,卖盘
09:57:43,62.44,0.01,146,911567,卖盘
09:57:46,62.43,-0.01,67,418358,卖盘
09:57:48,62.44,0.01,25,156120,中性盘
09:57:52,62.44,0.0,252,1573579,卖盘
09:57:54,62.45,0.01,308,1923375,买盘
09:57:57,62.44,-0.01,179,1117594,卖盘
09:58:00,62.44,0.0,110,686797,卖盘
09:58:04,62.45,0.01,142,886706,买盘
09:58:07,62.44,-0.01,190,1186494,卖盘
09:58:10,62.45,0.01,118,737412,买盘
09:58:13,62.43,-0.02,646,4032476,卖盘
09:58:15,62.43,0.0,96,599943,买盘
09:58:18,62.44,0.01,129,805208,买盘
09:58:22,62.43,-0.01,85,530521,中性盘
09:58:24,62.46,0.03,53,330936,买盘
09:58:28,62.46,0.0,68,424574,买盘
09:58:31,62.46,0.0,56,349643,买盘
09:58:34,62.46,0.0,60,374671,买盘
09:58:37,62.46,0.0,34,212360,买盘
09:58:39,62.46,0.0,61,381006,卖盘
09:58:42,62.46,0.0,58,362275,卖盘
09:58:46,62.47,0.01,51,318573,买盘
09:58:48,62.47,0.0,77,480956,买盘
09:58:52,62.46,-0.01,73,455979,卖盘
09:58:55,62.46,0.0,116,724563,卖盘
09:58:58,62.47,0.01,79,493507,买盘
09:59:01,62.46,-0.01,105,655841,卖盘
09:59:04,62.45,-0.01,52,324795,卖盘
09:59:07,62.46,0.01,125,780753,中性盘
09:59:09,62.46,0.0,115,718338,卖盘
09:59:13,62.47,0.01,85,530931,买盘
09:59:15,62.47,0.0,114,712101,买盘
09:59:19,62.47,0.0,88,549682,买盘
09:59:21,62.47,0.0,112,699593,买盘
09:59:25,62.47,0.0,131,818250,买盘
09:59:27,62.47,0.0,52,324848,卖盘
09:59:31,62.48,0.01,56,349840,买盘
09:59:33,62.48,0.0,17,106202,买盘
09:59:37,62.47,-0.01,79,493548,卖盘
09:59:40,62.47,0.0,164,1024572,卖盘
09:59:42,62.47,0.0,84,524695,买盘
09:59:45,62.47,0.0,59,368542,买盘
09:59:49,62.47,0.0,138,862013,买盘
09:59:51,62.47,0.0,57,356046,买盘
09:59:55,62.47,0.0,97,602832,买盘
09:59:58,62.47,0.0,149,930722,卖盘
10:00:01,62.47,0.0,166,1036920,买盘
10:00:04,62.47,0.0,71,443578,卖盘
10:00:07,62.47,0.0,55,343594,卖盘
10:00:10,62.48,0.01,168,1049526,买盘
10:00:13,62.47,-0.01,99,618398,卖盘
10:00:16,62.48,0.01,262,1636676,买盘
10:00:19,62.48,0.0,82,512315,买盘
10:00:21,62.48,0.0,112,699682,买盘
10:00:24,62.49,0.01,119,743468,买盘
10:00:28,62.48,-0.01,28,172955,卖盘
10:00:30,62.48,0.0,147,921679,卖盘
10:00:34,62.49,0.01,85,531132,买盘
10:00:37,62.49,0.0,131,818555,买盘
10:00:39,62.48,-0.01,113,706110,卖盘
10:00:42,62.49,0.01,126,784674,卖盘
10:00:46,62.49,0.0,30,187485,卖盘
10:00:48,62.5,0.01,163,1018611,买盘
10:00:52,62.49,-0.01,105,656111,卖盘
10:00:55,62.49,0.0,761,4754067,买盘
10:00:57,62.49,0.0,249,1556522,买盘
10:01:00,62.45,-0.04,505,3154851,卖盘
10:01:04,62.45,0.0,213,1330173,买盘
10:01:06,62.45,0.0,356,2222904,买盘
10:01:10,62.45,0.0,182,1136326,买盘
10:01:12,62.44,-0.01,207,1295832,卖盘
10:01:16,62.48,0.04,334,2085815,买盘
10:01:18,62.48,0.0,32,199870,买盘
10:01:21,62.45,-0.03,42,262290,卖盘
10:01:25,62.45,0.0,152,949234,卖盘
10:01:28,62.48,0.03,68,424747,买盘
10:01:30,62.48,0.0,85,530937,买盘
10:01:34,62.48,0.0,34,212397,买盘
10:01:37,62.48,0.0,51,316859,买盘
10:01:39,62.46,-0.02,149,930914,卖盘
10:01:42,62.46,0.0,131,818245,卖盘
10:01:45,62.45,-0.01,117,730758,卖盘
10:01:49,62.47,0.02,132,824522,买盘
10:01:52,62.47,0.0,18,112433,买盘
10:01:55,62.48,0.01,148,924852,买盘
10:01:57,62.47,-0.01,21,131189,卖盘
10:02:01,62.49,0.02,60,374832,买盘
10:02:04,62.48,-0.01,75,468561,卖盘
10:02:07,62.46,-0.02,3108,19399534,卖盘
10:02:09,62.44,-0.02,101,630737,卖盘
10:02:13,62.45,0.01,559,3489317,买盘
10:02:16,62.44,-0.01,428,2669313,中性盘
10:02:19,62.48,0.04,159,992951,买盘
10:02:21,62.45,-0.03,81,505780,中性盘
10:02:25,62.41,-0.04,132,824074,卖盘
10:02:27,62.45,0.04,151,942800,买盘
10:02:31,62.45,0.0,156,973692,买盘
10:02:33,62.44,-0.01,682,4255094,卖盘
10:02:37,62.44,0.0,114,711457,中性盘
10:02:39,62.44,0.0,76,474378,买盘
10:02:43,62.42,-0.02,73,455630,中性盘
10:02:46,62.44,0.02,88,549287,买盘
10:02:48,62.45,0.01,193,1204647,买盘
10:02:51,62.42,-0.03,40,249669,卖盘
10:02:55,62.44,0.02,73,458397,买盘
10:02:57,62.44,0.0,92,574465,买盘
10:03:00,62.43,-0.01,122,761608,卖盘
10:03:04,62.44,0.01,71,443239,买盘
10:03:07,62.45,0.01,63,393347,买盘
10:03:09,62.44,-0.01,188,1173918,卖盘
10:03:12,62.44,0.0,115,718083,卖盘
10:03:15,62.44,0.0,70,437110,卖盘
10:03:18,62.45,0.01,145,905360,买盘
10:03:21,62.44,-0.01,68,424588,卖盘
10:03:25,62.45,0.01,101,630644,买盘
10:03:28,62.45,0.0,154,961561,买盘
10:03:30,62.44,-0.01,115,718056,卖盘
10:03:33,62.45,0.01,108,674371,买盘
10:03:36,62.45,0.0,80,495633,买盘
10:03:40,62.45,0.0,278,1739762,卖盘
10:03:42,62.45,0.0,216,1348701,买盘
10:03:46,62.45,0.0,72,445665,买盘
10:03:48,62.45,0.0,71,443353,卖盘
10:03:51,62.45,0.0,98,615415,卖盘
10:03:54,62.46,0.01,59,368477,买盘
10:03:57,62.46,0.0,69,430158,买盘
10:04:01,62.46,0.0,24,149904,卖盘
10:04:05,62.46,0.0,54,337304,卖盘
10:04:07,62.46,0.0,264,1648979,卖盘
10:04:09,62.47,0.01,86,537195,中性盘
10:04:13,62.48,0.01,94,587245,买盘
10:04:15,62.5,0.02,118,737431,买盘
10:04:19,62.5,0.0,6,37500,卖盘
10:04:22,62.51,0.01,164,1025261,买盘
10:04:25,62.52,0.01,54,337558,买盘
10:04:27,62.49,-0.03,180,1125122,卖盘
10:04:31,62.52,0.03,386,2413051,买盘
10:04:33,62.52,0.0,185,1155020,买盘
10:04:37,62.52,0.0,168,1050320,买盘
10:04:39,62.52,0.0,386,2412967,买盘
10:04:43,62.52,0.0,228,1424902,买盘
10:04:45,62.56,0.04,108,675280,买盘
10:04:49,62.53,-0.03,100,625371,卖盘
10:04:52,62.55,0.02,178,1110684,中性盘
10:04:55,62.53,-0.02,89,556528,卖盘
10:04:58,62.56,0.03,31,194162,买盘
10:05:00,62.55,-0.01,60,375319,卖盘
10:05:05,62.55,0.0,36,225210,卖盘
10:05:07,62.56,0.01,89,556807,中性盘
10:05:09,62.55,-0.01,459,2870559,卖盘
10:05:13,62.55,0.0,159,996190,卖盘
10:05:16,62.56,0.01,55,344023,买盘
10:05:18,62.55,-0.01,82,512697,买盘
10:05:21,62.53,-0.02,94,587989,卖盘
10:05:25,62.56,0.03,59,369051,买盘
10:05:28,62.56,0.0,20,125113,买盘
10:05:31,62.56,0.0,47,292086,买盘
10:05:34,62.55,-0.01,70,439812,卖盘
10:05:37,62.58,0.03,17,106371,买盘
10:05:40,62.56,-0.02,46,287794,卖盘
10:05:43,62.55,-0.01,23,143874,卖盘
10:05:46,62.57,0.02,33,206465,买盘
10:05:49,62.57,0.0,22,137630,买盘
10:05:51,62.56,-0.01,536,3357289,卖盘
10:05:55,62.57,0.01,109,681732,中性盘
10:05:57,62.57,0.0,26,162657,买盘
10:06:01,62.57,0.0,172,1075605,买盘
10:06:04,62.56,-0.01,34,208856,买盘
10:06:07,62.57,0.01,87,544201,卖盘
10:06:10,62.55,-0.02,86,537886,卖盘
10:06:12,62.57,0.02,156,975920,买盘
10:06:16,62.56,-0.01,140,875188,中性盘
10:06:18,62.5,-0.06,71,444000,卖盘
10:06:22,62.56,0.06,60,375199,买盘
10:06:25,62.51,-0.05,29,181329,卖盘
10:06:28,62.52,0.01,16,100038,中性盘
10:06:30,62.52,0.0,19,118813,买盘
10:06:34,62.52,0.0,14,91174,卖盘
10:06:36,62.5,-0.02,254,1587692,卖盘
10:06:39,62.52,0.02,22,137563,卖盘
10:06:42,62.53,0.01,101,631635,中性盘
10:06:46,62.53,0.0,52,325191,卖盘
10:06:49,62.52,-0.01,63,393934,卖盘
10:06:52,62.55,0.03,80,500197,买盘
10:06:55,62.54,-0.01,81,506595,买盘
10:06:58,62.52,-0.02,35,218815,卖盘
10:07:01,62.53,0.01,2,12505,买盘
10:07:04,62.52,-0.01,109,681684,卖盘
10:07:07,62.52,0.0,14,87539,卖盘
10:07:10,62.51,-0.01,87,543915,卖盘
10:07:12,62.51,0.0,19,115404,卖盘
10:07:15,62.54,0.03,30,187555,买盘
10:07:18,62.51,-0.03,36,225096,卖盘
10:07:22,62.51,0.0,33,206338,卖盘
10:07:25,62.51,0.0,69,431332,卖盘
10:07:28,62.54,0.03,24,150055,买盘
10:07:30,62.54,0.0,25,156303,中性盘
10:07:34,62.51,-0.03,27,166441,卖盘
10:07:36,62.54,0.03,33,206377,买盘
10:07:39,62.53,-0.01,27,168848,卖盘
10:07:43,62.53,0.0,45,281408,卖盘
10:07:46,62.55,0.02,47,293929,买盘
10:07:48,62.53,-0.02,92,575288,卖盘
10:07:51,62.52,-0.01,141,881572,卖盘
10:07:55,62.53,0.01,692,4328988,卖盘
10:07:58,62.55,0.02,34,212631,买盘
10:08:01,62.55,0.0,100,625267,卖盘
10:08:05,62.53,-0.02,22,137593,卖盘
10:08:07,62.6,0.07,572,3580118,买盘
10:08:10,62.53,-0.07,121,756441,卖盘
10:08:13,62.53,0.0,55,343979,中性盘
10:08:15,62.52,-0.01,157,981417,中性盘
10:08:18,62.55,0.03,112,700644,买盘
10:08:21,62.54,-0.01,29,184883,中性盘
10:08:24,62.55,0.01,72,450171,买盘
10:08:28,62.54,-0.01,85,531856,买盘
10:08:30,62.56,0.02,72,449306,买盘
10:08:34,62.53,-0.03,24,152952,卖盘
10:08:36,62.53,0.0,91,567273,卖盘
10:08:39,62.53,0.0,66,412657,买盘
10:08:43,62.52,-0.01,101,631470,卖盘
10:08:45,62.56,0.04,87,543907,买盘
10:08:48,62.53,-0.03,83,518871,中性盘
10:08:52,62.52,-0.01,32,200076,卖盘
10:08:55,62.52,0.0,49,303224,买盘
10:08:58,62.53,0.01,2,12506,中性盘
10:09:01,62.54,0.01,34,212589,买盘
10:09:04,62.54,0.0,69,431487,卖盘
10:09:07,62.55,0.01,131,819319,买盘
10:09:10,62.52,-0.03,49,306404,卖盘
10:09:13,62.53,0.01,48,303981,中性盘
10:09:15,62.55,0.02,87,544078,买盘
10:09:19,62.55,0.0,55,343941,买盘
10:09:21,62.54,-0.01,21,131320,中性盘
10:09:25,62.54,0.0,47,293938,卖盘
10:09:27,62.55,0.01,61,381513,买盘
10:09:30,62.54,-0.01,56,350251,卖盘
10:09:34,62.54,0.0,81,502765,卖盘
10:09:37,62.55,0.01,37,231409,买盘
10:09:39,62.56,0.01,65,406616,买盘
10:09:42,62.54,-0.02,69,431560,卖盘
10:09:45,62.53,-0.01,90,566706,卖盘
10:09:48,62.54,0.01,24,150096,买盘
10:09:51,62.53,-0.01,49,304810,卖盘
10:09:55,62.53,0.0,19,121262,卖盘
10:09:57,62.53,0.0,81,506520,卖盘
10:10:00,62.52,-0.01,250,1558442,卖盘
10:10:04,62.52,0.0,65,406357,买盘
10:10:07,62.51,-0.01,139,868999,卖盘
10:10:10,62.52,0.01,65,406349,买盘
10:10:13,62.51,-0.01,199,1243912,卖盘
10:10:15,62.52,0.01,158,987619,买盘
10:10:18,62.5,-0.02,453,2835654,卖盘
10:10:22,62.51,0.01,29,181276,中性盘
10:10:25,62.52,0.01,152,950097,中性盘
10:10:28,62.53,0.01,51,318809,买盘
10:10:31,62.52,-0.01,16,100034,卖盘
10:10:33,62.52,0.0,80,500231,买盘
10:10:36,62.52,0.0,3,14691,卖盘
10:10:40,62.52,0.0,33,206320,卖盘
10:10:43,62.53,0.01,41,256348,买盘
10:10:46,62.52,-0.01,30,187571,卖盘
10:10:48,62.52,0.0,84,529279,卖盘
10:10:52,62.52,0.0,11,67897,中性盘
10:10:55,62.52,0.0,111,693888,卖盘
10:10:58,62.51,-0.01,21,131277,买盘
10:11:01,62.5,-0.01,347,2170666,卖盘
10:11:04,62.49,-0.01,174,1087446,卖盘
10:11:07,62.49,0.0,10,62486,买盘
10:11:10,62.49,0.0,76,474856,买盘
10:11:13,62.49,0.0,50,312451,买盘
10:11:15,62.49,0.0,35,218713,买盘
10:11:19,62.5,0.01,41,256218,买盘
10:11:21,62.49,-0.01,166,1037219,卖盘
10:11:24,62.49,0.0,56,349964,中性盘
10:11:27,62.5,0.01,114,712269,买盘
10:11:30,62.48,-0.02,125,781100,卖盘
10:11:33,62.49,0.01,50,307666,买盘
10:11:37,62.49,0.0,107,668665,卖盘
10:11:39,62.48,-0.01,371,2318213,卖盘
10:11:42,62.49,0.01,19,118722,买盘
10:11:46,62.48,-0.01,180,1124436,卖盘
10:11:49,62.48,0.0,56,349884,买盘
10:11:51,62.49,0.01,109,680949,买盘
10:11:54,62.48,-0.01,162,1015717,卖盘
10:11:58,62.48,0.0,111,691662,买盘
10:12:01,62.46,-0.02,70,437194,卖盘
10:12:04,62.5,0.04,665,4154413,买盘
10:12:07,62.46,-0.04,264,1648777,卖盘
10:12:10,62.46,0.0,33,206132,卖盘
10:12:12,62.46,0.0,266,1661109,卖盘
10:12:16,62.48,0.02,39,243647,买盘
10:12:18,62.48,0.0,20,124942,买盘
10:12:22,62.46,-0.02,44,274824,卖盘
10:12:25,62.43,-0.03,618,3856331,卖盘
10:12:28,62.43,0.0,169,1054926,买盘
10:12:30,62.41,-0.02,91,567983,卖盘
10:12:34,62.42,0.01,10,62425,中性盘
10:12:37,62.42,0.0,77,480579,买盘
10:12:40,62.41,-0.01,482,3007990,卖盘
10:12:43,62.41,0.0,68,424402,买盘
10:12:46,62.41,0.0,217,1354119,买盘
10:12:48,62.41,0.0,63,394382,买盘
10:12:52,62.41,0.0,321,2003106,买盘
10:12:54,62.41,0.0,47,291584,卖盘
10:12:57,62.41,0.0,53,330773,卖盘
10:13:00,62.41,0.0,107,669500,卖盘
10:13:04,62.41,0.0,80,499225,买盘
10:13:07,62.41,0.0,141,879894,买盘
10:13:09,62.41,0.0,288,1799456,买盘
10:13:12,62.38,-0.03,276,1721880,卖盘
10:13:16,62.39,0.01,82,511642,中性盘
10:13:19,62.38,-0.01,109,679994,卖盘
10:13:22,62.4,0.02,131,817364,买盘
10:13:25,62.38,-0.02,386,2407573,卖盘
10:13:28,62.38,0.0,35,218330,买盘
10:13:30,62.37,-0.01,125,779574,卖盘
10:13:33,62.38,0.01,33,202648,买盘
10:13:37,62.38,0.0,255,1592139,买盘
10:13:39,62.38,0.0,120,748428,买盘
10:13:43,62.36,-0.02,675,4209466,卖盘
10:13:45,62.36,0.0,161,1004084,卖盘
10:13:49,62.36,0.0,46,286853,买盘
10:13:51,62.35,-0.01,153,954052,卖盘
10:13:55,62.36,0.01,143,891713,买盘
10:13:57,62.37,0.01,114,710925,买盘
10:14:01,62.36,-0.01,304,1895582,卖盘
10:14:04,62.38,0.02,42,261914,买盘
10:14:07,62.38,0.0,54,336852,卖盘
10:14:10,62.38,0.0,125,779851,卖盘
10:14:13,62.38,0.0,290,1808563,卖盘
10:14:16,62.38,0.0,59,367964,买盘
10:14:18,62.38,0.0,163,1016582,买盘
10:14:21,62.38,0.0,78,487227,买盘
10:14:25,62.38,0.0,88,548916,卖盘
10:14:28,62.38,0.0,45,280689,卖盘
10:14:31,62.39,0.01,39,243289,买盘
10:14:34,62.39,0.0,38,233679,买盘
10:14:37,62.39,0.0,23,143497,买盘
10:14:39,62.39,0.0,21,131022,卖盘
10:14:43,62.39,0.0,99,617641,卖盘
10:14:45,62.4,0.01,90,561570,买盘
10:14:48,62.39,-0.01,53,330685,卖盘
10:14:52,62.39,0.0,61,380623,卖盘
10:14:54,62.4,0.01,187,1166746,买盘
10:14:58,62.4,0.0,29,180950,买盘
10:15:00,62.4,0.0,72,449228,买盘
10:15:04,62.38,-0.02,327,2043429,卖盘
10:15:07,62.38,0.0,91,567621,买盘
10:15:10,62.4,0.02,170,1057249,买盘
10:15:12,62.38,-0.02,90,562575,卖盘
10:15:15,62.38,0.0,61,380537,卖盘
10:15:18,62.41,0.03,41,255383,买盘
10:15:21,62.4,-0.01,63,393037,卖盘
10:15:25,62.4,0.0,40,249566,买盘
10:15:27,62.38,-0.02,124,773544,卖盘
10:15:31,62.4,0.02,57,355588,买盘
10:15:34,62.38,-0.02,71,446233,卖盘
10:15:37,62.4,0.02,67,418066,买盘
10:15:39,62.38,-0.02,112,698716,卖盘
10:15:43,62.4,0.02,880,5488909,中性盘
10:15:45,62.38,-0.02,335,2089777,卖盘
10:15:49,62.4,0.02,20,124773,中性盘
10:15:51,62.38,-0.02,249,1553117,卖盘
10:15:54,62.36,-0.02,99,617402,卖盘
10:15:57,62.36,0.0,141,878156,卖盘
10:16:00,62.36,0.0,311,1939134,买盘
10:16:05,62.36,0.0,218,1359262,买盘
10:16:07,62.35,-0.01,1029,6415713,卖盘
10:16:09,62.35,0.0,401,2499652,买盘
10:16:12,62.33,-0.02,109,677295,卖盘
10:16:16,62.34,0.01,156,972373,买盘
10:16:19,62.35,0.01,54,336615,买盘
10:16:21,62.34,-0.01,81,506741,卖盘
10:16:24,62.33,-0.01,120,748082,卖盘
10:16:28,62.34,0.01,139,866444,买盘
10:16:31,62.34,0.0,181,1128239,买盘
10:16:33,62.33,-0.01,142,885051,卖盘
10:16:36,62.34,0.01,210,1309463,买盘
10:16:40,62.33,-0.01,191,1190375,中性盘
10:16:42,62.34,0.01,146,909633,买盘
10:16:46,62.34,0.0,114,710585,卖盘
10:16:48,62.34,0.0,40,249323,卖盘
10:16:52,62.35,0.01,106,660870,买盘
10:16:55,62.35,0.0,160,998469,买盘
10:16:57,62.34,-0.01,60,373040,卖盘
10:17:01,62.34,0.0,85,529836,买盘
10:17:04,62.34,0.0,32,199488,买盘
10:17:07,62.33,-0.01,162,1009870,卖盘
10:17:09,62.32,-0.01,240,1495869,卖盘
10:17:13,62.33,0.01,114,710549,买盘
10:17:15,62.33,0.0,127,792123,买盘
10:17:19,62.34,0.01,61,380215,买盘
10:17:21,62.33,-0.01,313,1951146,中性盘
10:17:25,62.32,-0.01,115,716723,卖盘
10:17:27,62.32,0.0,77,479918,卖盘
10:17:31,62.33,0.01,138,860092,买盘
10:17:33,62.33,0.0,33,207353,买盘
10:17:36,62.33,0.0,76,471840,买盘
10:17:40,62.31,-0.02,52,324066,卖盘
10:17:42,62.33,0.02,53,330311,买盘
10:17:46,62.33,0.0,54,336506,买盘
10:17:49,62.33,0.0,143,891148,买盘
10:17:52,62.32,-0.01,57,355248,卖盘
10:17:55,62.33,0.01,115,714327,买盘
10:17:58,62.31,-0.02,227,1414689,卖盘
10:18:01,62.32,0.01,63,392575,买盘
10:18:04,62.33,0.01,187,1165383,买盘
10:18:07,62.33,0.0,96,598249,买盘
10:18:09,62.33,0.0,138,861847,买盘
10:18:12,62.33,0.0,104,648203,买盘
10:18:16,62.34,0.01,69,430536,买盘
10:18:18,62.33,-0.01,46,286731,卖盘
10:18:21,62.33,0.0,23,143364,卖盘
10:18:25,62.33,0.0,54,336666,卖盘
10:18:28,62.35,0.02,94,586076,买盘
10:18:31,62.35,0.0,63,392754,买盘
10:18:33,62.35,0.0,181,1128264,买盘
10:18:37,62.34,-0.01,123,766794,中性盘
10:18:39,62.35,0.01,74,461367,买盘
10:18:42,62.35,0.0,125,779253,买盘
10:18:46,62.35,0.0,126,785561,卖盘
10:18:48,62.36,0.01,56,349162,买盘
10:18:51,62.36,0.0,29,180834,买盘
10:18:55,62.35,-0.01,152,947829,卖盘
10:18:58,62.36,0.01,13,81061,卖盘
10:19:01,62.37,0.01,54,336786,中性盘
10:19:04,62.38,0.01,48,299377,买盘
10:19:07,62.38,0.0,187,1166291,买盘
10:19:09,62.36,-0.02,107,667428,卖盘
10:19:12,62.38,0.02,67,417844,买盘
10:19:16,62.37,-0.01,23,146309,卖盘
10:19:19,62.37,0.0,62,386657,买盘
10:19:22,62.37,0.0,23,143447,买盘
10:19:24,62.36,-0.01,64,399145,卖盘
10:19:28,62.36,0.0,48,299346,卖盘
10:19:31,62.36,0.0,51,318051,卖盘
10:19:34,62.37,0.01,28,172258,买盘
10:19:36,62.36,-0.01,182,1135039,卖盘
10:19:40,62.37,0.01,129,804471,买盘
10:19:43,62.36,-0.01,109,679281,卖盘
10:19:45,62.37,0.01,106,661481,买盘
10:19:48,62.37,0.0,20,124739,买盘
10:19:51,62.37,0.0,48,299338,买盘
10:19:55,62.36,-0.01,45,280454,卖盘
10:19:57,62.36,0.0,76,473983,卖盘
10:20:01,62.37,0.01,411,2562752,买盘
10:20:04,62.36,-0.01,158,985316,卖盘
10:20:07,62.37,0.01,93,579903,买盘
10:20:09,62.36,-0.01,105,654698,卖盘
10:20:12,62.37,0.01,148,923113,卖盘
10:20:15,62.37,0.0,54,339388,卖盘
10:20:18,62.37,0.0,52,324299,卖盘
10:20:21,62.37,0.0,61,380420,卖盘
10:20:25,62.37,0.0,158,985483,买盘
10:20:28,62.36,-0.01,61,380408,卖盘
10:20:30,62.36,0.0,103,642241,卖盘
10:20:34,62.36,0.0,78,486362,买盘
10:20:36,62.33,-0.03,326,2032908,卖盘
10:20:39,62.34,0.01,128,797953,中性盘
10:20:43,62.35,0.01,104,646185,中性盘
10:20:46,62.32,-0.03,247,1538179,卖盘
10:20:49,62.33,0.01,115,716782,买盘
10:20:51,62.33,0.0,155,966003,买盘
10:20:55,62.32,-0.01,145,905928,卖盘
10:20:57,62.33,0.01,140,872598,买盘
10:21:00,62.33,0.0,182,1129278,买盘
10:21:04,62.33,0.0,28,174524,卖盘
10:21:06,62.35,0.02,87,542288,买盘
10:21:09,62.33,-0.02,112,703108,卖盘
10:21:13,62.33,0.0,128,792826,买盘
10:21:15,62.33,0.0,55,347834,买盘
10:21:19,62.34,0.01,17,105966,买盘
10:21:21,62.33,-0.01,31,193229,卖盘
10:21:24,62.32,-0.01,244,1520794,卖盘
10:21:28,62.34,0.02,29,180780,买盘
10:21:31,62.34,0.0,37,230651,卖盘
10:21:34,62.34,0.0,64,398812,卖盘
10:21:36,62.35,0.01,79,492491,卖盘
10:21:40,62.35,0.0,19,118468,卖盘
10:21:42,62.35,0.0,63,392766,卖盘
10:21:46,62.35,0.0,159,991141,买盘
10:21:48,62.36,0.01,140,872974,买盘
10:21:52,62.35,-0.01,33,205760,卖盘
10:21:54,62.38,0.03,72,448936,买盘
10:21:57,62.36,-0.02,57,355379,中性盘
10:22:00,62.38,0.02,51,316360,买盘
10:22:05,62.38,0.0,38,238606,卖盘
10:22:07,62.38,0.0,50,311808,买盘
10:22:10,62.38,0.0,71,442842,买盘
10:22:12,62.35,-0.03,38,236989,卖盘
10:22:16,62.38,0.03,109,680342,买盘
10:22:18,62.35,-0.03,98,610444,卖盘
10:22:21,62.35,0.0,37,230676,买盘
10:22:24,62.35,0.0,253,1577261,买盘
10:22:28,62.35,0.0,100,623471,买盘
10:22:31,62.35,0.0,224,1396390,买盘
10:22:34,62.35,0.0,114,706135,买盘
10:22:37,62.33,-0.02,223,1394777,卖盘
10:22:39,62.33,0.0,249,1551847,买盘
10:22:42,62.33,0.0,197,1227746,买盘
10:22:46,62.34,0.01,256,1592592,买盘
10:22:48,62.33,-0.01,49,305418,卖盘
10:22:52,62.33,0.0,88,548505,卖盘
10:22:55,62.34,0.01,69,430283,买盘
10:22:58,62.34,0.0,45,280503,买盘
10:23:01,62.34,0.0,83,517383,买盘
10:23:04,62.33,-0.01,21,130900,卖盘
10:23:07,62.33,0.0,221,1380154,卖盘
10:23:09,62.33,0.0,130,810226,买盘
10:23:12,62.32,-0.01,80,498605,卖盘
10:23:15,62.33,0.01,172,1068027,买盘
10:23:18,62.33,0.0,63,392704,卖盘
10:23:21,62.33,0.0,82,511126,卖盘
10:23:25,62.33,0.0,64,398931,卖盘
10:23:28,62.34,0.01,143,891403,买盘
10:23:31,62.34,0.0,255,1589455,买盘
10:23:33,62.33,-0.01,214,1337955,卖盘
10:23:36,62.33,0.0,44,274252,买盘
10:23:40,62.33,0.0,138,860091,买盘
10:23:43,62.33,0.0,153,953563,买盘
10:23:46,62.33,0.0,76,473678,买盘
10:23:49,62.32,-0.01,325,2025456,卖盘
10:23:51,62.32,0.0,272,1695144,卖盘
10:23:54,62.32,0.0,1316,8198498,买盘
10:23:58,62.32,0.0,80,498523,买盘
10:24:01,62.31,-0.01,444,2766504,卖盘
10:24:05,62.31,0.0,122,760222,买盘
10:24:07,62.31,0.0,206,1283393,中性盘
10:24:10,62.31,0.0,159,990579,买盘
10:24:13,62.31,0.0,30,186909,买盘
10:24:15,62.31,0.0,130,810999,买盘
10:24:18,62.32,0.01,421,2623429,买盘
10:24:22,62.31,-0.01,1279,7968476,卖盘
10:24:24,62.31,0.0,308,1918871,卖盘
10:24:27,62.31,0.0,51,317792,卖盘
10:24:30,62.32,0.01,242,1507777,买盘
10:24:33,62.31,-0.01,80,498509,卖盘
10:24:36,62.31,0.0,182,1134084,卖盘
10:24:39,62.3,-0.01,1633,10170321,卖盘
10:24:43,62.28,-0.02,295,1837512,卖盘
10:24:46,62.28,0.0,1157,7204720,卖盘
10:24:48,62.25,-0.03,331,2060440,卖盘
10:24:52,62.23,-0.02,395,2462820,卖盘
10:24:54,62.23,0.0,224,1393642,买盘
10:24:57,62.22,-0.01,245,1524129,卖盘
10:25:00,62.2,-0.02,77,479056,卖盘
10:25:05,62.22,0.02,43,267506,买盘
10:25:07,62.2,-0.02,156,970401,卖盘
10:25:10,62.21,0.01,225,1399534,中性盘
10:25:13,62.21,0.0,80,497640,买盘
10:25:16,62.2,-0.01,282,1754102,卖盘
10:25:18,62.2,0.0,368,2284140,卖盘
10:25:21,62.18,-0.02,390,2425385,卖盘
10:25:25,62.18,0.0,176,1094645,卖盘
10:25:27,62.18,0.0,298,1853165,卖盘
10:25:30,62.19,0.01,458,2847049,买盘
10:25:33,62.19,0.0,99,615619,买盘
10:25:37,62.17,-0.02,179,1113021,卖盘
10:25:40,62.16,-0.01,82,509751,中性盘
10:25:43,62.17,0.01,100,621525,买盘
10:25:45,62.17,0.0,101,627781,买盘
10:25:48,62.17,0.0,138,857719,买盘
10:25:52,62.17,0.0,108,671335,买盘
10:25:55,62.17,0.0,374,2324693,买盘
10:25:58,62.17,0.0,113,702482,买盘
10:26:01,62.17,0.0,241,1497928,卖盘
10:26:04,62.16,-0.01,199,1236938,卖盘
10:26:07,62.16,0.0,137,851557,买盘
10:26:09,62.16,0.0,191,1187006,买盘
10:26:13,62.18,0.02,227,1411187,买盘
10:26:15,62.16,-0.02,313,1945878,卖盘
10:26:19,62.18,0.02,185,1150037,买盘
10:26:21,62.17,-0.01,151,938601,买盘
10:26:25,62.16,-0.01,175,1087851,卖盘
10:26:27,62.17,0.01,138,857877,买盘
10:26:30,62.16,-0.01,99,615411,卖盘
10:26:34,62.17,0.01,78,484923,买盘
10:26:36,62.16,-0.01,167,1038136,卖盘
10:26:39,62.17,0.01,276,1715870,卖盘
10:26:43,62.19,0.02,89,553362,买盘
10:26:45,62.17,-0.02,108,671470,卖盘
10:26:48,62.18,0.01,120,746084,买盘
10:26:51,62.17,-0.01,94,584443,卖盘
10:26:55,62.17,0.0,139,864276,买盘
10:26:57,62.2,0.03,89,553411,买盘
10:27:00,62.19,-0.01,90,559620,卖盘
10:27:05,62.19,0.0,34,211446,卖盘
10:27:07,62.19,0.0,101,628173,卖盘
10:27:10,62.2,0.01,191,1187982,买盘
10:27:13,62.2,0.0,316,1970387,买盘
10:27:16,62.2,0.0,198,1231639,中性盘
10:27:19,62.24,0.04,75,466530,中性盘
10:27:22,62.25,0.01,71,441758,买盘
10:27:25,62.22,-0.03,39,242710,卖盘
10:27:27,62.24,0.02,124,766194,卖盘
10:27:30,62.3,0.06,43,267824,买盘
10:27:34,62.26,-0.04,83,516776,卖盘
10:27:37,62.28,0.02,51,317524,中性盘
10:27:40,62.26,-0.02,163,1014804,卖盘
10:27:42,62.25,-0.01,68,423251,中性盘
10:27:45,62.26,0.01,101,628572,买盘
10:27:49,62.25,-0.01,128,796638,卖盘
10:27:52,62.26,0.01,88,547742,买盘
10:27:55,62.26,0.0,172,1070599,买盘
10:27:57,62.27,0.01,14,87178,买盘
10:28:01,62.27,0.0,75,466965,卖盘
10:28:04,62.29,0.02,57,354978,买盘
10:28:07,62.25,-0.04,255,1587766,卖盘
10:28:10,62.23,-0.02,153,952338,卖盘
10:28:13,62.26,0.03,144,896285,买盘
10:28:16,62.27,0.01,166,1033004,买盘
10:28:19,62.25,-0.02,22,136942,卖盘
10:28:21,62.24,-0.01,59,367273,卖盘
10:28:25,62.26,0.02,112,697370,买盘
10:28:27,62.27,0.01,47,292616,买盘
10:28:30,62.24,-0.03,101,628753,卖盘
10:28:33,62.24,0.0,31,192938,买盘
10:28:36,62.24,0.0,71,441845,买盘
10:28:40,62.25,0.01,111,690805,买盘
10:28:43,62.23,-0.02,86,535267,卖盘
10:28:46,62.22,-0.01,75,466733,卖盘
10:28:48,62.25,0.03,39,242727,买盘
10:28:51,62.23,-0.02,58,360884,中性盘
10:28:54,62.23,0.0,43,267515,买盘
10:28:58,62.25,0.02,53,329811,买盘
10:29:01,62.23,-0.02,27,168001,中性盘
10:29:05,62.22,-0.01,789,4908104,卖盘
10:29:07,62.23,0.01,342,2127726,中性盘
10:29:10,62.23,0.0,49,304896,卖盘
10:29:12,62.23,0.0,75,466652,买盘
10:29:16,62.23,0.0,137,852189,买盘
10:29:19,62.22,-0.01,100,621960,中性盘
10:29:22,62.21,-0.01,20,124434,卖盘
10:29:25,62.21,0.0,42,261218,买盘
10:29:28,62.21,0.0,46,286140,买盘
10:29:31,62.2,-0.01,50,310987,卖盘
10:29:33,62.2,0.0,105,653002,买盘
10:29:37,62.2,0.0,81,503752,卖盘
10:29:39,62.18,-0.02,239,1487484,卖盘
10:29:43,62.18,0.0,62,385500,买盘
10:29:46,62.18,0.0,24,149221,买盘
10:29:48,62.17,-0.01,155,963689,卖盘
10:29:51,62.18,0.01,81,503610,买盘
10:29:55,62.17,-0.01,494,3071871,卖盘
10:29:58,62.17,0.0,107,665219,卖盘
10:30:01,62.16,-0.01,70,435148,卖盘
10:30:04,62.16,0.0,68,422743,卖盘
10:30:07,62.17,0.01,171,1062954,买盘
10:30:10,62.16,-0.01,259,1609989,卖盘
10:30:12,62.16,0.0,243,1510271,买盘
10:30:15,62.16,0.0,292,1814850,买盘
10:30:19,62.15,-0.01,346,2150338,卖盘
10:30:21,62.15,0.0,109,677426,买盘
10:30:25,62.14,-0.01,92,571708,卖盘
10:30:27,62.14,0.0,244,1516112,买盘
10:30:31,62.14,0.0,203,1261288,买盘
10:30:34,62.14,0.0,248,1540868,买盘
10:30:37,62.14,0.0,107,664865,买盘
10:30:40,62.14,0.0,82,509536,买盘
10:30:42,62.14,0.0,120,745610,买盘
10:30:46,62.14,0.0,103,640016,买盘
10:30:48,62.13,-0.01,107,664862,卖盘
10:30:51,62.14,0.01,88,546780,买盘
10:30:55,62.14,0.0,124,770526,卖盘
10:30:58,62.14,0.0,111,689728,卖盘
10:31:00,62.15,0.01,76,472239,买盘
10:31:04,62.14,-0.01,351,2180794,卖盘
10:31:06,62.13,-0.01,103,640021,卖盘
10:31:09,62.14,0.01,42,260973,买盘
10:31:12,62.13,-0.01,78,484661,卖盘
10:31:16,62.13,0.0,28,173986,卖盘
10:31:18,62.14,0.01,71,441157,买盘
10:31:22,62.13,-0.01,137,851263,卖盘
10:31:25,62.15,0.02,44,273429,买盘
10:31:27,62.15,0.0,94,584105,买盘
10:31:31,62.14,-0.01,104,646185,卖盘
10:31:34,62.14,0.0,68,422608,买盘
10:31:36,62.14,0.0,23,142929,卖盘
10:31:39,62.15,0.01,132,820243,买盘
10:31:43,62.15,0.0,69,428817,买盘
10:31:46,62.15,0.0,19,118083,买盘
10:31:48,62.15,0.0,28,174017,卖盘
10:31:52,62.16,0.01,11,68368,买盘
10:31:54,62.15,-0.01,363,2255727,卖盘
10:31:57,62.16,0.01,96,596687,买盘
10:32:01,62.16,0.0,47,292136,买盘
10:32:04,62.17,0.01,47,292159,买盘
10:32:07,62.17,0.0,49,304588,买盘
10:32:09,62.17,0.0,104,646368,买盘
10:32:13,62.17,0.0,108,671418,买盘
10:32:16,62.15,-0.02,38,236201,卖盘
10:32:18,62.17,0.02,44,273554,卖盘
10:32:22,62.18,0.01,4,24871,买盘
10:32:24,62.17,-0.01,49,304612,卖盘
10:32:27,62.16,-0.01,97,602949,中性盘
10:32:31,62.16,0.0,22,136751,买盘
10:32:34,62.16,0.0,55,341854,买盘
10:32:37,62.16,0.0,311,1932847,买盘
10:32:40,62.15,-0.01,32,198899,卖盘
10:32:43,62.16,0.01,54,335629,买盘
10:32:45,62.15,-0.01,70,435084,卖盘
10:32:48,62.16,0.01,64,397819,买盘
10:32:52,62.16,0.0,13,80808,卖盘
10:32:55,62.18,0.02,145,901455,买盘
10:32:57,62.18,0.0,73,453842,买盘
10:33:01,62.17,-0.01,62,385455,卖盘
10:33:04,62.18,0.01,16,99489,中性盘
10:33:07,62.18,0.0,29,180325,卖盘
10:33:09,62.18,0.0,25,155445,买盘
10:33:13,62.18,0.0,55,341964,买盘
10:33:16,62.2,0.02,140,870636,买盘
10:33:19,62.2,0.0,63,391864,卖盘
10:33:22,62.21,0.01,25,155524,买盘
10:33:25,62.21,0.0,24,149302,买盘
10:33:27,62.22,0.01,73,454114,买盘
10:33:31,62.21,-0.01,35,217735,卖盘
10:33:34,62.22,0.01,10,62214,买盘
10:33:37,62.21,-0.01,168,1045227,卖盘
10:33:40,62.21,0.0,134,833623,卖盘
10:33:42,62.21,0.0,99,615899,卖盘
10:33:45,62.22,0.01,29,180420,买盘
10:33:49,62.22,0.0,25,155540,卖盘
10:33:51,62.21,-0.01,35,217764,卖盘
10:33:54,62.22,0.01,33,205319,买盘
10:33:58,62.22,0.0,86,534962,买盘
10:34:01,62.22,0.0,56,348383,买盘
10:34:05,62.22,0.0,51,317237,买盘
10:34:07,62.21,-0.01,29,180407,中性盘
10:34:10,62.21,0.0,12,74661,卖盘
10:34:12,62.22,0.01,27,167974,买盘
10:34:15,62.21,-0.01,46,286197,卖盘
10:34:19,62.22,0.01,68,423074,买盘
10:34:22,62.21,-0.01,59,367039,卖盘
10:34:25,62.23,0.02,19,118222,买盘
10:34:27,62.23,0.0,44,273783,买盘
10:34:31,62.23,0.0,28,174242,买盘
10:34:34,62.22,-0.01,173,1076475,卖盘
10:34:36,62.23,0.01,29,180461,买盘
10:34:39,62.22,-0.01,23,143112,卖盘
10:34:43,62.23,0.01,69,429374,买盘
10:34:46,62.23,0.0,10,62230,卖盘
10:34:49,62.24,0.01,60,373481,买盘
10:34:55,62.25,0.01,11,68466,买盘
10:34:57,62.25,0.0,40,248968,买盘
10:35:01,62.25,0.0,26,161837,买盘
10:35:04,62.24,-0.01,38,236521,卖盘
10:35:07,62.23,-0.01,82,510365,卖盘
10:35:10,62.24,0.01,70,435743,卖盘
10:35:13,62.24,0.0,53,329883,卖盘
10:35:16,62.25,0.01,19,118275,买盘
10:35:19,62.29,0.04,304,1893438,买盘
10:35:25,62.29,0.0,38,236702,卖盘
10:35:28,62.29,0.0,83,517019,卖盘
10:35:31,62.29,0.0,14,87206,买盘
10:35:33,62.29,0.0,42,261612,买盘
10:35:36,62.26,-0.03,76,473209,卖盘
10:35:40,62.29,0.03,32,199298,买盘
10:35:42,62.29,0.0,28,174391,买盘
10:35:45,62.3,0.01,49,305234,买盘
10:35:48,62.3,0.0,24,149514,买盘
10:35:51,62.29,-0.01,17,105882,卖盘
10:35:55,62.3,0.01,17,105336,买盘
10:35:57,62.3,0.0,49,306502,买盘
10:36:01,62.29,-0.01,41,255393,卖盘
10:36:04,62.3,0.01,63,395811,买盘
10:36:07,62.29,-0.01,102,634005,卖盘
10:36:10,62.29,0.0,56,348762,买盘
10:36:12,62.28,-0.01,28,174391,买盘
10:36:16,62.28,0.0,40,246430,买盘
10:36:18,62.29,0.01,114,710000,买盘
10:36:21,62.27,-0.02,24,149441,买盘
10:36:25,62.26,-0.01,31,193047,卖盘
10:36:27,62.28,0.02,51,317576,买盘
10:36:30,62.27,-0.01,3,18683,卖盘
10:36:33,62.26,-0.01,17,106783,卖盘
10:36:36,62.26,0.0,22,136985,卖盘
10:36:39,62.27,0.01,44,273947,买盘
10:36:43,62.25,-0.02,53,327153,卖盘
10:36:46,62.26,0.01,27,168102,买盘
10:36:49,62.25,-0.01,20,124515,卖盘
10:36:51,62.25,0.0,26,161872,卖盘
10:36:55,62.25,0.0,188,1170314,卖盘
10:36:58,62.25,0.0,51,317484,卖盘
10:37:01,62.26,0.01,10,62252,买盘
10:37:04,62.26,0.0,61,380228,买盘
10:37:06,62.26,0.0,23,143177,买盘
10:37:09,62.26,0.0,87,541650,买盘
10:37:13,62.25,-0.01,68,424672,卖盘
10:37:15,62.25,0.0,32,199200,买盘
10:37:19,62.24,-0.01,48,298773,卖盘
10:37:21,62.25,0.01,22,136945,买盘
10:37:24,62.24,-0.01,38,234529,卖盘
10:37:27,62.25,0.01,78,485511,买盘
10:37:30,62.24,-0.01,30,187540,卖盘
10:37:34,62.25,0.01,9,56022,买盘
10:37:37,62.23,-0.02,49,304974,卖盘
10:37:39,62.24,0.01,7,43567,买盘
10:37:43,62.24,0.0,68,423420,买盘
10:37:46,62.24,0.0,27,168048,买盘
10:37:48,62.23,-0.01,65,404512,卖盘
10:37:52,62.23,0.0,61,380358,卖盘
10:37:54,62.23,0.0,44,273980,卖盘
10:37:57,62.22,-0.01,29,180447,卖盘
10:38:00,62.23,0.01,34,211567,买盘
10:38:04,62.23,0.0,58,359893,买盘
10:38:07,62.22,-0.01,73,455209,卖盘
10:38:09,62.22,0.0,56,348462,买盘
10:38:12,62.22,0.0,27,167975,买盘
10:38:16,62.21,-0.01,57,354601,卖盘
10:38:19,62.21,0.0,167,1039052,卖盘
10:38:21,62.2,-0.01,27,167971,卖盘
10:38:24,62.21,0.01,22,136856,卖盘
10:38:27,62.21,0.0,36,223957,卖盘
10:38:31,62.2,-0.01,76,472754,卖盘
10:38:34,62.2,0.0,211,1312422,卖盘
10:38:36,62.2,0.0,82,510053,卖盘
10:38:39,62.21,0.01,35,217706,买盘
10:38:43,62.21,0.0,42,264686,买盘
10:38:46,62.2,-0.01,10,62201,卖盘
10:38:48,62.2,0.0,136,842519,卖盘
10:38:51,62.19,-0.01,53,329003,卖盘
10:38:54,62.2,0.01,40,248790,买盘
10:38:58,62.19,-0.01,39,242546,卖盘
10:39:00,62.2,0.01,106,659284,买盘
10:39:05,62.19,-0.01,63,392440,卖盘
10:39:07,62.19,0.0,24,149255,买盘
10:39:10,62.18,-0.01,58,360672,卖盘
10:39:12,62.19,0.01,37,230083,买盘
10:39:15,62.19,0.0,42,261162,买盘
10:39:19,62.18,-0.01,45,279851,卖盘
10:39:22,62.18,0.0,362,2250542,卖盘
10:39:24,62.16,-0.02,89,553363,卖盘
10:39:27,62.18,0.02,107,665407,中性盘
10:39:30,62.16,-0.02,7,43524,卖盘
10:39:33,62.16,0.0,23,143008,卖盘
10:39:36,62.18,0.02,42,261109,买盘
10:39:40,62.18,0.0,40,248673,买盘
10:39:42,62.17,-0.01,20,124340,卖盘
10:39:46,62.17,0.0,13,80815,买盘
10:39:48,62.16,-0.01,20,124334,卖盘
10:39:52,62.16,0.0,15,93247,卖盘
10:39:54,62.17,0.01,124,770792,买盘
10:39:58,62.17,0.0,80,497320,买盘
10:40:00,62.17,0.0,25,155410,买盘
10:40:04,62.17,0.0,72,447624,买盘
10:40:07,62.16,-0.01,139,864037,卖盘
10:40:10,62.17,0.01,50,310850,中性盘
10:40:13,62.17,0.0,73,452704,买盘
10:40:15,62.18,0.01,85,528455,买盘
10:40:19,62.17,-0.01,52,323315,卖盘
10:40:21,62.18,0.01,144,895334,买盘
10:40:24,62.18,0.0,38,236278,买盘
10:40:28,62.18,0.0,184,1143975,买盘
10:40:30,62.17,-0.01,96,596868,卖盘
10:40:34,62.16,-0.01,49,304628,卖盘
10:40:37,62.17,0.01,74,460022,卖盘
10:40:40,62.17,0.0,56,348159,卖盘
10:40:43,62.18,0.01,62,385462,买盘
10:40:45,62.18,0.0,33,205191,买盘
10:40:49,62.17,-0.01,119,739723,卖盘
10:40:52,62.18,0.01,54,335772,买盘
10:40:54,62.18,0.0,28,174106,卖盘
10:40:57,62.18,0.0,65,404135,卖盘
10:41:01,62.18,0.0,19,118142,卖盘
10:41:04,62.18,0.0,46,286061,中性盘
10:41:07,62.18,0.0,63,391742,卖盘
10:41:09,62.19,0.01,20,124373,买盘
10:41:13,62.19,0.0,17,105715,买盘
10:41:16,62.18,-0.01,47,293870,卖盘
10:41:19,62.18,0.0,39,242522,卖盘
10:41:22,62.18,0.0,85,528542,卖盘
10:41:24,62.19,0.01,12,74621,买盘
10:41:28,62.19,0.0,253,1573117,买盘
10:41:30,62.18,-0.01,7,43530,卖盘
10:41:33,62.19,0.01,54,335824,买盘
10:41:37,62.19,0.0,23,143029,买盘
10:41:40,62.2,0.01,49,304705,买盘
10:41:43,62.2,0.0,103,640544,买盘
10:41:46,62.19,-0.01,37,229326,卖盘
10:41:49,62.19,0.0,24,149265,卖盘
10:41:51,62.19,0.0,59,367747,卖盘
10:41:55,62.2,0.01,97,602513,买盘
10:41:58,62.19,-0.01,46,286105,卖盘
10:42:01,62.2,0.01,6,37321,中性盘
10:42:04,62.19,-0.01,56,348310,卖盘
10:42:06,62.2,0.01,23,143042,中性盘
10:42:10,62.21,0.01,81,503834,买盘
10:42:12,62.21,0.0,36,223956,卖盘
10:42:16,62.22,0.01,18,111983,买盘
10:42:18,62.22,0.0,35,217750,买盘
10:42:22,62.21,-0.01,10,62210,卖盘
10:42:24,62.22,0.01,53,329728,买盘
10:42:28,62.21,-0.01,49,304827,卖盘
10:42:30,62.2,-0.01,67,416751,卖盘
10:42:33,62.2,0.0,20,124404,卖盘
10:42:37,62.21,0.01,56,352077,买盘
10:42:40,62.2,-0.01,56,348355,卖盘
10:42:43,62.15,-0.05,1061,6593508,卖盘
10:42:45,62.16,0.01,22,136752,买盘
10:42:49,62.15,-0.01,33,205125,卖盘
10:42:51,62.16,0.01,32,198912,买盘
10:42:55,62.15,-0.01,91,563697,卖盘
10:42:58,62.16,0.01,194,1205883,买盘
10:43:01,62.16,0.0,81,503477,买盘
10:43:04,62.16,0.0,60,372919,买盘
10:43:07,62.16,0.0,40,248624,买盘
10:43:09,62.16,0.0,591,3673115,买盘
10:43:12,62.16,0.0,74,459957,买盘
10:43:16,62.16,0.0,123,764509,买盘
10:43:18,62.16,0.0,20,124317,买盘
10:43:21,62.15,-0.01,71,441296,卖盘
10:43:24,62.16,0.01,30,186463,买盘
10:43:27,62.15,-0.01,95,590464,卖盘
10:43:30,62.16,0.01,39,242418,买盘
10:43:33,62.16,0.0,69,432361,买盘
10:43:36,62.16,0.0,62,385392,卖盘
10:43:40,62.16,0.0,74,459984,卖盘
10:43:42,62.18,0.02,80,497328,买盘
10:43:46,62.18,0.0,44,270794,卖盘
10:43:49,62.18,0.0,40,251521,卖盘
10:43:52,62.18,0.0,176,1094026,买盘
10:43:54,62.16,-0.02,155,965423,卖盘
10:43:58,62.16,0.0,123,759183,卖盘
10:44:01,62.18,0.02,246,1534369,买盘
10:44:04,62.16,-0.02,77,478667,卖盘
10:44:07,62.16,0.0,80,497280,卖盘
10:44:10,62.17,0.01,79,491066,买盘
10:44:12,62.16,-0.01,366,2275013,卖盘
10:44:16,62.16,0.0,478,2969100,买盘
10:44:18,62.15,-0.01,90,557609,卖盘
10:44:22,62.13,-0.02,673,4182018,卖盘
10:44:24,62.13,0.0,119,743476,卖盘
10:44:28,62.14,0.01,200,1242611,买盘
10:44:30,62.13,-0.01,76,472190,卖盘
10:44:33,62.14,0.01,111,689632,买盘
10:44:36,62.13,-0.01,115,714514,卖盘
10:44:40,62.12,-0.01,57,354110,卖盘
10:44:42,62.13,0.01,215,1331317,买盘
10:44:45,62.13,0.0,45,279586,卖盘
10:44:49,62.14,0.01,33,205032,买盘
10:44:52,62.13,-0.01,89,557448,卖盘
10:44:55,62.12,-0.01,134,827964,卖盘
10:44:57,62.12,0.0,25,155315,卖盘
10:45:01,62.13,0.01,27,167741,买盘
10:45:04,62.13,0.0,351,2180466,买盘
10:45:07,62.13,0.0,73,453500,买盘
10:45:10,62.13,0.0,174,1080927,买盘
10:45:13,62.13,0.0,319,1981643,买盘
10:45:16,62.13,0.0,25,158909,买盘
10:45:19,62.13,0.0,55,341695,买盘
10:45:21,62.13,0.0,82,509378,买盘
10:45:24,62.11,-0.02,86,534571,卖盘
10:45:28,62.13,0.02,167,1037329,买盘
10:45:31,62.13,0.0,170,1055914,买盘
10:45:33,62.12,-0.01,13,80758,卖盘
10:45:36,62.11,-0.01,49,304382,卖盘
10:45:39,62.11,0.0,111,689473,卖盘
10:45:42,62.11,0.0,56,347843,卖盘
10:45:46,62.12,0.01,82,509380,买盘
10:45:49,62.11,-0.01,88,546598,卖盘
10:45:51,62.12,0.01,50,310559,买盘
10:45:55,62.11,-0.01,70,434813,卖盘
10:45:57,62.12,0.01,70,433659,买盘
10:46:00,62.11,-0.01,71,441005,卖盘
10:46:04,62.11,0.0,128,792360,卖盘
10:46:07,62.12,0.01,53,329195,买盘
10:46:10,62.12,0.0,79,490699,买盘
10:46:13,62.12,0.0,82,509329,买盘
10:46:15,62.11,-0.01,103,638192,卖盘
10:46:18,62.11,0.0,81,503110,卖盘
10:46:22,62.11,0.0,2639,16388616,卖盘
10:46:24,62.12,0.01,115,715544,买盘
10:46:27,62.11,-0.01,35,217385,卖盘
10:46:31,62.11,0.0,87,539199,卖盘
10:46:33,62.1,-0.01,88,546495,卖盘
10:46:37,62.11,0.01,59,366427,买盘
10:46:40,62.11,0.0,112,695538,买盘
10:46:43,62.1,-0.01,185,1149794,卖盘
10:46:45,62.1,0.0,338,2099808,卖盘
10:46:48,62.1,0.0,40,248397,买盘
10:46:52,62.1,0.0,21,130409,买盘
10:46:55,62.09,-0.01,96,594273,卖盘
10:46:57,62.09,0.0,93,577480,卖盘
10:47:01,62.09,0.0,55,343586,卖盘
10:47:04,62.09,0.0,29,180059,买盘
10:47:07,62.09,0.0,17,105544,买盘
10:47:10,62.08,-0.01,33,204878,卖盘
10:47:13,62.09,0.01,71,443651,买盘
10:47:16,62.08,-0.01,104,645637,卖盘
10:47:18,62.08,0.0,36,223491,卖盘
10:47:22,62.09,0.01,56,347668,买盘
10:47:24,62.08,-0.01,172,1067803,卖盘
10:47:27,62.09,0.01,85,527714,买盘
10:47:31,62.09,0.0,113,701524,买盘
10:47:34,62.09,0.0,163,1010460,买盘
10:47:37,62.09,0.0,58,360088,买盘
10:47:40,62.08,-0.01,33,204861,卖盘
10:47:42,62.07,-0.01,63,391048,卖盘
10:47:45,62.07,0.0,46,285524,卖盘
10:47:48,62.07,0.0,40,248474,卖盘
10:47:52,62.06,-0.01,132,819798,卖盘
10:47:54,62.07,0.01,67,415890,中性盘
10:47:58,62.07,0.0,155,961954,卖盘
10:48:00,62.06,-0.01,63,391005,卖盘
10:48:04,62.06,0.0,99,614423,卖盘
10:48:07,62.06,0.0,92,570993,卖盘
10:48:10,62.06,0.0,161,999234,卖盘
10:48:13,62.06,0.0,441,2737913,卖盘
10:48:16,62.06,0.0,83,515122,卖盘
10:48:19,62.06,0.0,21,130329,卖盘
10:48:22,62.07,0.01,48,297899,买盘
10:48:24,62.06,-0.01,75,463010,卖盘
10:48:27,62.07,0.01,52,322711,买盘
10:48:31,62.06,-0.01,139,862662,卖盘
10:48:34,62.06,0.0,63,395062,卖盘
10:48:36,62.05,-0.01,164,1014102,卖盘
10:48:39,62.06,0.01,52,322691,买盘
10:48:42,62.06,0.0,71,440592,买盘
10:48:45,62.06,0.0,43,266838,买盘
10:48:49,62.06,0.0,70,434385,买盘
10:48:52,62.05,-0.01,74,462228,卖盘
10:48:55,62.05,0.0,325,2016599,卖盘
10:48:58,62.05,0.0,58,359899,卖盘
10:49:00,62.05,0.0,46,285430,买盘
10:49:04,62.04,-0.01,383,2376235,卖盘
10:49:07,62.04,0.0,60,372221,买盘
10:49:10,62.03,-0.01,43,266741,卖盘
10:49:12,62.02,-0.01,45,273596,买盘
10:49:16,62.02,0.0,36,227928,卖盘
10:49:18,62.02,0.0,102,628833,卖盘
10:49:22,62.03,0.01,35,217081,买盘
10:49:24,62.03,0.0,200,1244263,买盘
10:49:28,62.02,-0.01,532,3296084,卖盘
10:49:30,62.02,0.0,89,552052,卖盘
10:49:33,62.02,0.0,89,552092,卖盘
10:49:36,62.04,0.02,972,6032240,买盘
10:49:39,62.02,-0.02,46,283834,卖盘
10:49:43,62.02,0.0,202,1253023,卖盘
10:49:46,62.02,0.0,84,520973,买盘
10:49:49,62.02,0.0,103,638884,卖盘
10:49:51,62.03,0.01,79,489985,买盘
10:49:55,62.03,0.0,69,427969,卖盘
10:49:57,62.02,-0.01,177,1097784,卖盘
10:50:00,62.03,0.01,72,443016,买盘
10:50:05,62.02,-0.01,45,282714,卖盘
10:50:07,62.02,0.0,55,337361,卖盘
10:50:10,62.03,0.01,25,155069,买盘
10:50:13,62.03,0.0,97,604282,买盘
10:50:16,62.03,0.0,130,806429,卖盘
10:50:19,62.03,0.0,160,992517,卖盘
10:50:21,62.03,0.0,73,452864,卖盘
10:50:25,62.05,0.02,26,162244,买盘
10:50:27,62.04,-0.01,147,911901,卖盘
10:50:31,62.04,0.0,126,781741,卖盘
10:50:34,62.04,0.0,64,397075,卖盘
10:50:37,62.05,0.01,132,818954,买盘
10:50:39,62.05,0.0,114,707295,买盘
10:50:42,62.06,0.01,56,348527,买盘
10:50:46,62.06,0.0,50,310252,买盘
10:50:48,62.06,0.0,134,831556,买盘
10:50:51,62.06,0.0,1,6206,卖盘
10:50:54,62.07,0.01,382,2365417,买盘
10:50:57,62.07,0.0,32,198629,卖盘
10:51:00,62.08,0.01,3,18623,买盘
10:51:04,62.07,-0.01,33,204849,卖盘
10:51:06,62.08,0.01,55,341441,买盘
10:51:09,62.08,0.0,57,353856,卖盘
10:51:12,62.09,0.01,47,291784,买盘
10:51:16,62.09,0.0,76,471855,买盘
10:51:18,62.09,0.0,133,825768,买盘
10:51:21,62.1,0.01,21,130402,买盘
10:51:25,62.1,0.0,56,347719,买盘
10:51:27,62.09,-0.01,225,1397171,卖盘
10:51:31,62.1,0.01,42,260823,卖盘
10:51:34,62.09,-0.01,119,738981,卖盘
10:51:37,62.11,0.02,29,180111,买盘
10:51:40,62.11,0.0,3,18633,买盘
10:51:42,62.13,0.02,23,142854,买盘
10:51:46,62.11,-0.02,90,559033,卖盘
10:51:48,62.12,0.01,16,99382,买盘
10:51:52,62.13,0.01,204,1267018,买盘
10:51:54,62.13,0.0,50,310617,买盘
10:51:58,62.13,0.0,105,657522,买盘
10:52:01,62.13,0.0,36,223691,卖盘
10:52:04,62.13,0.0,17,105623,卖盘
10:52:07,62.14,0.01,23,142912,买盘
10:52:10,62.13,-0.01,219,1355506,卖盘
10:52:13,62.13,0.0,49,304431,买盘
10:52:16,62.11,-0.02,97,604731,卖盘
10:52:18,62.12,0.01,212,1317283,中性盘
10:52:22,62.13,0.01,7,43491,买盘
10:52:24,62.13,0.0,33,205015,买盘
10:52:27,62.13,0.0,25,155311,买盘
10:52:30,62.13,0.0,34,211213,买盘
10:52:34,62.13,0.0,53,328411,买盘
10:52:37,62.13,0.0,28,176564,买盘
10:52:39,62.11,-0.02,37,229871,卖盘
10:52:42,62.12,0.01,49,304408,买盘
10:52:46,62.13,0.01,168,1043660,买盘
10:52:49,62.1,-0.03,47,291926,卖盘
10:52:51,62.13,0.03,24,149095,买盘
10:52:54,62.13,0.0,18,111843,卖盘
10:52:57,62.13,0.0,29,180187,卖盘
10:53:00,62.13,0.0,8,49705,卖盘
10:53:04,62.13,0.0,78,484666,卖盘
10:53:06,62.13,0.0,82,508258,卖盘
10:53:09,62.13,0.0,41,255976,卖盘
10:53:12,62.14,0.01,202,1251998,买盘
10:53:16,62.15,0.01,3,18645,买盘
10:53:19,62.16,0.01,10,62156,买盘
10:53:22,62.14,-0.02,55,341796,卖盘
10:53:25,62.16,0.02,10,62159,买盘
10:53:28,62.15,-0.01,22,136735,卖盘
10:53:30,62.15,0.0,36,223742,卖盘
10:53:33,62.16,0.01,44,273499,买盘
10:53:37,62.16,0.0,18,111885,买盘
10:53:39,62.16,0.0,52,323224,买盘
10:53:42,62.15,-0.01,25,155383,卖盘
10:53:45,62.16,0.01,50,310786,买盘
10:53:48,62.15,-0.01,19,118101,卖盘
10:53:52,62.16,0.01,17,105672,买盘
10:53:54,62.16,0.0,350,2175039,买盘
10:53:57,62.17,0.01,47,292153,买盘
10:54:00,62.16,-0.01,73,453779,卖盘
10:54:05,62.16,0.0,39,242399,卖盘
10:54:07,62.15,-0.01,10,62155,卖盘
10:54:10,62.14,-0.01,161,1000482,卖盘
10:54:13,62.14,0.0,29,182699,卖盘
10:54:16,62.15,0.01,46,285858,中性盘
10:54:19,62.14,-0.01,20,124298,卖盘
10:54:22,62.14,0.0,106,658714,卖盘
10:54:24,62.14,0.0,77,478528,卖盘
10:54:27,62.15,0.01,66,410142,买盘
10:54:31,62.14,-0.01,164,1019137,卖盘
10:54:34,62.14,0.0,28,174015,卖盘
10:54:37,62.14,0.0,8,50459,卖盘
10:54:39,62.14,0.0,69,428711,买盘
10:54:43,62.12,-0.02,29,180185,卖盘
10:54:45,62.13,0.01,65,403783,买盘
10:54:49,62.12,-0.01,93,577778,卖盘
10:54:51,62.12,0.0,19,118028,卖盘
10:54:54,62.12,0.0,56,347856,买盘
10:54:58,62.11,-0.01,129,801348,卖盘
10:55:01,62.11,0.0,14,86956,卖盘
10:55:04,62.12,0.01,16,99390,卖盘
10:55:07,62.1,-0.02,29,180128,卖盘
10:55:10,62.11,0.01,145,900481,买盘
10:55:12,62.1,-0.01,122,757646,卖盘
10:55:16,62.11,0.01,35,217377,买盘
10:55:18,62.1,-0.01,30,186308,卖盘
10:55:22,62.11,0.01,24,149043,买盘
10:55:24,62.11,0.0,9,55898,买盘
10:55:27,62.1,-0.01,7,43471,卖盘
10:55:31,62.1,0.0,67,416081,卖盘
10:55:33,62.1,0.0,20,124215,卖盘
10:55:37,62.1,0.0,54,335361,卖盘
10:55:39,62.1,0.0,44,273241,卖盘
10:55:42,62.1,0.0,61,375094,卖盘
10:55:46,62.1,0.0,58,365889,买盘
10:55:48,62.09,-0.01,56,342023,卖盘
10:55:51,62.1,0.01,19,117990,买盘
10:55:54,62.1,0.0,29,180082,买盘
10:55:57,62.09,-0.01,116,724911,卖盘
10:56:01,62.1,0.01,7,43467,买盘
10:56:04,62.1,0.0,78,484340,买盘
10:56:07,62.1,0.0,27,167658,买盘
10:56:09,62.09,-0.01,54,335315,卖盘
10:56:13,62.1,0.01,35,217332,买盘
10:56:15,62.08,-0.02,192,1187162,卖盘
10:56:18,62.08,0.0,28,177473,买盘
10:56:22,62.08,0.0,25,155194,买盘
10:56:24,62.07,-0.01,27,167615,卖盘
10:56:27,62.08,0.01,19,117944,买盘
10:56:31,62.08,0.0,29,180024,买盘
10:56:33,62.08,0.0,26,161404,买盘
10:56:37,62.08,0.0,54,335197,买盘
10:56:39,62.07,-0.01,104,641866,卖盘
10:56:43,62.07,0.0,18,111720,买盘
10:56:46,62.06,-0.01,68,422060,卖盘
10:56:48,62.06,0.0,45,279280,卖盘
10:56:51,62.06,0.0,93,577162,卖盘
10:56:55,62.06,0.0,53,328909,买盘
10:56:58,62.06,0.0,126,782023,买盘
10:57:01,62.05,-0.01,15,93085,卖盘
10:57:04,62.05,0.0,52,322672,卖盘
10:57:07,62.05,0.0,353,2190407,卖盘
10:57:10,62.06,0.01,80,496355,买盘
10:57:12,62.05,-0.01,27,170384,卖盘
10:57:16,62.05,0.0,110,682507,买盘
10:57:19,62.05,0.0,26,161307,买盘
10:57:21,62.05,0.0,47,291631,买盘
10:57:25,62.04,-0.01,394,2442898,卖盘
10:57:28,62.04,0.0,42,260541,买盘
10:57:30,62.03,-0.01,53,328774,卖盘
10:57:34,62.04,0.01,124,771187,买盘
10:57:37,62.03,-0.01,215,1333903,买盘
10:57:40,62.02,-0.01,160,992357,卖盘
10:57:42,62.03,0.01,346,2146627,卖盘
10:57:45,62.03,0.0,45,279121,买盘
10:57:48,62.02,-0.01,67,415549,卖盘
10:57:51,62.04,0.02,37,229374,买盘
10:57:55,62.03,-0.01,92,570725,卖盘
10:57:58,62.04,0.01,46,285316,中性盘
10:58:00,62.03,-0.01,16,99248,中性盘
10:58:05,62.02,-0.01,34,210900,卖盘
10:58:07,62.02,0.0,76,471405,卖盘
10:58:10,62.04,0.02,54,334921,买盘
10:58:12,62.03,-0.01,149,924146,卖盘
10:58:16,62.03,0.0,54,334946,卖盘
10:58:19,62.03,0.0,58,359764,卖盘
10:58:22,62.03,0.0,27,167472,买盘
10:58:25,62.03,0.0,44,270191,买盘
10:58:27,62.02,-0.01,43,266713,卖盘
10:58:31,62.04,0.02,183,1135188,买盘
10:58:34,62.04,0.0,20,124081,卖盘
10:58:37,62.05,0.01,930,5767649,买盘
10:58:39,62.02,-0.03,45,279092,卖盘
10:58:43,62.02,0.0,41,254316,卖盘
10:58:46,62.02,0.0,34,213763,卖盘
10:58:48,62.04,0.02,84,520998,买盘
10:58:52,62.03,-0.01,13,80637,卖盘
10:58:55,62.02,-0.01,34,210882,卖盘
10:58:58,62.03,0.01,117,727264,买盘
10:59:00,62.04,0.01,532,3299548,买盘
10:59:04,62.03,-0.01,30,186109,卖盘
10:59:07,62.02,-0.01,23,142664,卖盘
10:59:10,62.04,0.02,99,614267,买盘
10:59:13,62.06,0.02,8,49632,买盘
10:59:16,62.03,-0.03,42,260526,卖盘
10:59:19,62.04,0.01,19,117872,买盘
10:59:21,62.01,-0.03,1391,8620995,卖盘
10:59:25,62.03,0.02,6,37213,中性盘
10:59:27,62.0,-0.03,88,551062,卖盘
10:59:31,62.01,0.01,65,403065,买盘
10:59:34,62.02,0.01,51,314144,买盘
10:59:37,62.01,-0.01,14,86816,卖盘
10:59:39,62.01,0.0,43,266643,卖盘
10:59:42,62.02,0.01,58,359707,买盘
10:59:46,62.01,-0.01,171,1060436,卖盘
10:59:49,62.01,0.0,474,2941092,卖盘
10:59:51,62.01,0.0,69,427863,买盘
10:59:55,62.01,0.0,55,341050,买盘
10:59:57,62.01,0.0,188,1165658,买盘
11:00:00,62.01,0.0,47,291441,买盘
11:00:04,62.01,0.0,43,266629,买盘
11:00:07,62.0,-0.01,125,775025,卖盘
11:00:10,62.0,0.0,129,799842,卖盘
11:00:12,62.01,0.01,44,272835,买盘
11:00:16,62.01,0.0,18,111618,买盘
11:00:19,62.0,-0.01,54,334821,卖盘
11:00:22,62.01,0.01,251,1554439,买盘
11:00:24,62.01,0.0,130,806031,买盘
11:00:27,62.01,0.0,480,2976047,买盘
11:00:30,62.0,-0.01,71,440230,卖盘
11:00:34,62.01,0.01,1115,6913130,买盘
11:00:37,62.01,0.0,40,248020,买盘
11:00:40,62.01,0.0,47,291447,卖盘
11:00:42,62.01,0.0,8,49608,卖盘
11:00:46,62.01,0.0,26,161226,卖盘
11:00:49,62.01,0.0,115,713149,卖盘
11:00:51,62.01,0.0,58,356999,卖盘
11:00:55,62.01,0.0,72,446482,卖盘
11:00:58,62.01,0.0,67,415473,卖盘
11:01:01,62.01,0.0,268,1662303,买盘
11:01:04,62.01,0.0,1594,9885420,买盘
11:01:07,62.0,-0.01,5730,35523953,卖盘
11:01:09,62.0,0.0,257,1592589,买盘
11:01:13,62.0,0.0,68,421511,买盘
11:01:15,62.0,0.0,106,657030,买盘
11:01:18,61.98,-0.02,146,905560,卖盘
11:01:21,61.98,0.0,104,644512,卖盘
11:01:24,61.98,0.0,26,161128,买盘
11:01:28,61.98,0.0,39,241694,买盘
11:01:30,61.98,0.0,71,440504,买盘
11:01:33,61.98,0.0,205,1269868,买盘
11:01:37,61.96,-0.02,97,601108,卖盘
11:01:40,61.96,0.0,170,1053366,卖盘
11:01:43,61.97,0.01,51,315757,买盘
11:01:46,61.96,-0.01,52,322442,卖盘
11:01:49,61.96,0.0,206,1276109,买盘
11:01:52,61.96,0.0,71,439872,买盘
11:01:54,61.96,0.0,116,718709,买盘
11:01:58,61.95,-0.01,63,390318,卖盘
11:02:01,61.95,0.0,70,433714,卖盘
11:02:04,61.96,0.01,58,359349,买盘
11:02:07,61.95,-0.01,245,1518029,卖盘
11:02:09,61.94,-0.01,90,556473,卖盘
11:02:13,61.95,0.01,79,490479,买盘
11:02:15,61.95,0.0,45,278773,买盘
11:02:19,61.95,0.0,48,297336,买盘
11:02:21,61.94,-0.01,25,155416,卖盘
11:02:24,61.94,0.0,25,154849,买盘
11:02:28,61.94,0.0,59,365415,买盘
11:02:31,61.95,0.01,30,185822,买盘
11:02:33,61.93,-0.02,45,278711,卖盘
11:02:36,61.93,0.0,267,1653852,卖盘
11:02:40,61.93,0.0,53,328221,卖盘
11:02:43,61.93,0.0,34,210558,卖盘
11:02:46,61.93,0.0,61,377775,卖盘
11:02:49,61.93,0.0,103,637977,买盘
11:02:51,61.93,0.0,128,792659,买盘
11:02:55,61.94,0.01,131,811243,买盘
11:02:57,61.93,-0.01,71,439667,中性盘
11:03:01,61.93,0.0,27,167208,买盘
11:03:04,61.93,0.0,62,383961,买盘
11:03:07,61.93,0.0,135,835969,买盘
11:03:09,61.93,0.0,3,18579,卖盘
11:03:13,61.94,0.01,92,569766,买盘
11:03:16,61.93,-0.01,142,879407,卖盘
11:03:18,61.93,0.0,84,520202,买盘
11:03:22,61.94,0.01,48,297283,买盘
11:03:24,61.94,0.0,26,161029,买盘
11:03:27,61.93,-0.01,344,2130936,卖盘
11:03:31,61.95,0.02,17,105308,买盘
11:03:33,61.95,0.0,39,241578,买盘
11:03:37,61.95,0.0,158,978713,买盘
11:03:39,61.95,0.0,81,501790,买盘
11:03:43,61.94,-0.01,175,1084735,卖盘
11:03:46,61.95,0.01,28,173466,卖盘
11:03:48,61.96,0.01,67,415118,买盘
11:03:52,61.95,-0.01,90,557580,卖盘
11:03:54,61.96,0.01,156,966565,买盘
11:03:57,61.96,0.0,101,625795,买盘
11:04:01,61.96,0.0,41,254036,卖盘
11:04:04,61.97,0.01,25,154909,买盘
11:04:07,61.97,0.0,103,638249,买盘
11:04:10,61.97,0.0,47,291256,买盘
11:04:13,61.97,0.0,19,117744,卖盘
11:04:15,61.98,0.01,57,353235,买盘
11:04:19,61.97,-0.01,67,415226,卖盘
11:04:22,61.97,0.0,129,799426,卖盘
11:04:24,61.98,0.01,128,794256,买盘
11:04:27,61.98,0.0,90,558428,买盘
11:04:31,61.99,0.01,4,24793,买盘
11:04:33,61.99,0.0,29,179766,买盘
11:04:37,61.99,0.0,222,1375951,买盘
11:04:40,61.99,0.0,96,595069,买盘
11:04:43,61.99,0.0,6,37194,卖盘
11:04:45,62.0,0.01,23,142584,买盘
11:04:48,62.0,0.0,141,874142,买盘
11:04:52,61.99,-0.01,195,1208853,卖盘
11:04:54,62.0,0.01,70,433988,买盘
11:04:58,61.99,-0.01,131,807157,卖盘
11:05:00,62.0,0.01,72,446375,买盘
11:05:04,61.99,-0.01,139,861794,卖盘
11:05:07,62.0,0.01,51,316169,买盘
11:05:10,62.0,0.0,272,1689807,买盘
11:05:12,62.0,0.0,29,179787,卖盘
11:05:16,62.01,0.01,71,440269,买盘
11:05:18,62.01,0.0,1,6201,卖盘
11:05:22,62.02,0.01,18,111621,买盘
11:05:24,62.01,-0.01,85,527120,卖盘
11:05:28,62.02,0.01,81,502355,买盘
11:05:30,62.02,0.0,45,279087,买盘
11:05:33,62.02,0.0,75,465147,买盘
11:05:37,62.02,0.0,57,353511,买盘
11:05:40,62.02,0.0,2,12404,卖盘
11:05:42,62.02,0.0,105,651446,卖盘
11:05:46,62.05,0.03,20,124090,买盘
11:05:49,62.05,0.0,46,285411,买盘
11:05:51,62.05,0.0,26,161328,买盘
11:05:55,62.05,0.0,25,155125,卖盘
11:05:57,62.06,0.01,93,577063,买盘
11:06:01,62.06,0.0,72,443276,买盘
11:06:04,62.06,0.0,159,986678,买盘
11:06:07,62.06,0.0,697,4323252,中性盘
11:06:09,62.07,0.01,61,378591,买盘
11:06:13,62.07,0.0,25,155167,买盘
11:06:15,62.07,0.0,43,267761,买盘
11:06:19,62.07,0.0,8,49656,卖盘
11:06:21,62.08,0.01,34,211060,买盘
11:06:24,62.08,0.0,12,74491,买盘
11:06:27,62.08,0.0,43,266937,买盘
11:06:31,62.08,0.0,48,297955,买盘
11:06:34,62.07,-0.01,86,533841,卖盘
11:06:36,62.07,0.0,125,775966,卖盘
11:06:40,62.07,0.0,56,346743,卖盘
11:06:43,62.07,0.0,85,528404,买盘
11:06:46,62.07,0.0,54,335165,买盘
11:06:49,62.07,0.0,25,155175,买盘
11:06:52,62.07,0.0,33,204835,卖盘
11:06:55,62.07,0.0,14,86903,卖盘
11:06:57,62.07,0.0,143,887605,卖盘
11:07:01,62.06,-0.01,48,297932,卖盘
11:07:05,62.04,-0.02,36,223380,卖盘
11:07:07,62.05,0.01,248,1539631,卖盘
11:07:10,62.07,0.02,18,111690,买盘
11:07:13,62.04,-0.03,64,397279,卖盘
11:07:15,62.03,-0.01,16,99260,卖盘
11:07:19,62.07,0.04,3,18624,中性盘
11:07:21,62.09,0.02,7,43445,中性盘
11:07:25,62.09,0.0,2,12418,买盘
11:07:27,62.07,-0.02,54,335210,卖盘
11:07:30,62.07,0.0,78,484169,卖盘
11:07:33,62.1,0.03,174,1079961,买盘
11:07:37,62.1,0.0,39,242148,买盘
11:07:40,62.07,-0.03,24,150997,卖盘
11:07:43,62.07,0.0,16,99343,卖盘
11:07:46,62.1,0.03,42,260745,买盘
11:07:48,62.1,0.0,11,68306,买盘
11:07:51,62.08,-0.02,16,99335,卖盘
11:07:54,62.1,0.02,30,186281,买盘
11:07:57,62.08,-0.02,28,173836,卖盘
11:08:01,62.07,-0.01,6,37244,卖盘
11:08:04,62.08,0.01,18,111743,买盘
11:08:07,62.08,0.0,35,217256,买盘
11:08:10,62.08,0.0,15,93111,买盘
11:08:13,62.08,0.0,50,310381,买盘
11:08:15,62.09,0.01,65,403523,买盘
11:08:19,62.08,-0.01,3,18624,卖盘
11:08:21,62.09,0.01,5,31043,买盘
11:08:25,62.09,0.0,17,105543,买盘
11:08:27,62.08,-0.01,28,173824,卖盘
11:08:31,62.1,0.02,47,291822,买盘
11:08:33,62.08,-0.02,8,49668,卖盘
11:08:37,62.1,0.02,18,111775,买盘
11:08:40,62.1,0.0,28,173838,买盘
11:08:42,62.1,0.0,45,279441,买盘
11:08:45,62.09,-0.01,23,142816,卖盘
11:08:48,62.09,0.0,16,99342,买盘
11:08:52,62.09,0.0,46,285613,买盘
11:08:54,62.09,0.0,48,297996,买盘
11:08:58,62.09,0.0,23,142799,买盘
11:09:01,62.1,0.01,98,608485,买盘
11:09:04,62.09,-0.01,88,546599,卖盘
11:09:07,62.09,0.0,13,80719,卖盘
11:09:09,62.09,0.0,58,360150,卖盘
11:09:13,62.09,0.0,45,279417,卖盘
11:09:15,62.2,0.11,195,1211888,买盘
11:09:19,62.13,-0.07,5,31057,中性盘
11:09:22,62.18,0.05,21,130465,买盘
11:09:25,62.13,-0.05,20,124264,卖盘
11:09:28,62.1,-0.03,13,80751,卖盘
11:09:31,62.15,0.05,57,354143,买盘
11:09:34,62.13,-0.02,46,285883,卖盘
11:09:37,62.13,0.0,54,335542,卖盘
11:09:39,62.13,0.0,12,74572,卖盘
11:09:42,62.15,0.02,28,174043,买盘
11:09:45,62.13,-0.02,54,335550,卖盘
11:09:48,62.13,0.0,12,74554,买盘
11:09:51,62.13,0.0,62,385237,买盘
11:09:54,62.15,0.02,19,118052,买盘
11:09:57,62.17,0.02,5,31081,买盘
11:10:01,62.17,0.0,54,335691,买盘
11:10:04,62.15,-0.02,19,118110,卖盘
11:10:07,62.15,0.0,17,105675,卖盘
11:10:09,62.15,0.0,25,155372,中性盘
11:10:13,62.14,-0.01,42,261019,卖盘
11:10:16,62.15,0.01,16,99440,买盘
11:10:19,62.15,0.0,27,167796,买盘
11:10:21,62.13,-0.02,62,385296,卖盘
11:10:25,62.13,0.0,19,118057,卖盘
11:10:27,62.12,-0.01,78,484703,卖盘
11:10:30,62.13,0.01,32,198818,买盘
11:10:33,62.13,0.0,28,173962,卖盘
11:10:36,62.12,-0.01,29,180159,卖盘
11:10:40,62.13,0.01,48,298224,买盘
11:10:42,62.13,0.0,35,217459,卖盘
11:10:46,62.13,0.0,51,316853,卖盘
11:10:48,62.12,-0.01,55,341703,卖盘
11:10:51,62.12,0.0,20,124249,卖盘
11:10:55,62.11,-0.01,71,441089,卖盘
11:10:57,62.1,-0.01,39,242230,卖盘
11:11:01,62.1,0.0,200,1242069,卖盘
11:11:04,62.11,0.01,66,409900,买盘
11:11:07,62.11,0.0,52,322355,买盘
11:11:09,62.1,-0.01,34,211120,卖盘
11:11:13,62.1,0.0,9,55884,买盘
11:11:16,62.09,-0.01,13,80719,卖盘
11:11:19,62.1,0.01,68,422298,买盘
11:11:22,62.09,-0.01,44,273216,卖盘
11:11:24,62.1,0.01,23,142816,中性盘
11:11:27,62.11,0.01,67,416086,买盘
11:11:31,62.09,-0.02,18,111780,卖盘
11:11:33,62.09,0.0,8,49671,中性盘
11:11:37,62.09,0.0,10,62089,买盘
11:11:39,62.09,0.0,33,204895,买盘
11:11:43,62.08,-0.01,80,496403,卖盘
11:11:46,62.08,0.0,14,86920,卖盘
11:11:49,62.09,0.01,38,235914,买盘
11:11:52,62.09,0.0,30,186243,买盘
11:11:54,62.08,-0.01,99,614840,卖盘
11:11:58,62.09,0.01,70,434337,买盘
11:12:01,62.08,-0.01,17,105784,卖盘
11:12:04,62.07,-0.01,159,986897,卖盘
11:12:07,62.06,-0.01,217,1350251,卖盘
11:12:10,62.07,0.01,42,260686,买盘
11:12:13,62.06,-0.01,34,211005,卖盘
11:12:16,62.06,0.0,19,117917,卖盘
11:12:19,62.06,0.0,32,195186,卖盘
11:12:22,62.06,0.0,2,12412,卖盘
11:12:25,62.05,-0.01,57,353706,卖盘
11:12:28,62.06,0.01,63,390997,买盘
11:12:31,62.06,0.0,32,198570,买盘
11:12:34,62.04,-0.02,39,241608,卖盘
11:12:36,62.06,0.02,9,55845,买盘
11:12:40,62.06,0.0,54,335132,买盘
11:12:43,62.05,-0.01,11,68258,中性盘
11:12:45,62.03,-0.02,33,205478,卖盘
11:12:48,62.05,0.02,7,43433,中性盘
11:12:52,62.03,-0.02,71,440506,卖盘
11:12:55,62.03,0.0,3,18611,卖盘
11:12:58,62.03,0.0,7,43421,卖盘
11:13:01,62.04,0.01,16,99252,买盘
11:13:04,62.03,-0.01,35,218780,卖盘
11:13:07,62.04,0.01,42,260557,买盘
11:13:10,62.04,0.0,25,155093,买盘
11:13:13,62.03,-0.01,59,364899,卖盘
11:13:16,62.03,0.0,137,847850,卖盘
11:13:18,62.03,0.0,32,198496,买盘
11:13:22,62.03,0.0,12,74430,买盘
11:13:24,62.02,-0.01,85,527253,卖盘
11:13:28,62.03,0.01,115,713329,买盘
11:13:30,62.02,-0.01,24,148852,卖盘
11:13:33,62.03,0.01,32,198494,买盘
11:13:36,62.02,-0.01,140,871543,卖盘
11:13:39,62.03,0.01,50,310148,买盘
11:13:43,62.03,0.0,67,415545,买盘
11:13:45,62.02,-0.01,75,465150,卖盘
11:13:49,62.03,0.01,97,598493,买盘
11:13:51,62.03,0.0,32,198442,买盘
11:13:55,62.03,0.0,79,490021,买盘
11:13:58,62.03,0.0,124,769167,买盘
11:14:01,62.03,0.0,18,110587,买盘
11:14:04,62.03,0.0,53,328777,卖盘
11:14:07,62.03,0.0,60,372183,卖盘
11:14:10,62.03,0.0,20,124060,卖盘
11:14:13,62.03,0.0,77,479131,卖盘
11:14:16,62.03,0.0,47,291542,卖盘
11:14:19,62.03,0.0,27,167487,卖盘
11:14:21,62.05,0.02,18,111674,买盘
11:14:25,62.05,0.0,43,266810,买盘
11:14:28,62.04,-0.01,17,105473,卖盘
11:14:30,62.05,0.01,28,171931,买盘
11:14:34,62.04,-0.01,2,12408,卖盘
11:14:37,62.05,0.01,130,806481,买盘
11:14:40,62.03,-0.02,38,235745,卖盘
11:14:43,62.04,0.01,23,142691,买盘
11:14:45,62.03,-0.01,41,254335,卖盘
11:14:49,62.04,0.01,49,303986,买盘
11:14:52,62.03,-0.01,60,372234,卖盘
11:14:55,62.05,0.02,51,316390,买盘
11:14:58,62.04,-0.01,20,124081,卖盘
11:15:00,62.04,0.0,38,235761,卖盘
11:15:04,62.05,0.01,7,43436,买盘
11:15:07,62.04,-0.01,29,179928,卖盘
11:15:10,62.05,0.01,29,179933,买盘
11:15:12,62.04,-0.01,39,241987,卖盘
11:15:15,62.04,0.0,31,192327,卖盘
11:15:19,62.05,0.01,5,31025,卖盘
11:15:21,62.05,0.0,46,285516,卖盘
11:15:24,62.07,0.02,4,24828,卖盘
11:15:27,62.07,0.0,21,130360,卖盘
11:15:31,62.07,0.0,3,18621,卖盘
11:15:33,62.06,-0.01,31,192413,卖盘
11:15:37,62.07,0.01,16,99312,买盘
11:15:39,62.08,0.01,93,577300,买盘
11:15:42,62.08,0.0,23,142784,卖盘
11:15:45,62.08,0.0,26,161401,卖盘
11:15:49,62.07,-0.01,56,347640,卖盘
11:15:51,62.07,0.0,21,130358,卖盘
11:15:55,62.08,0.01,30,186252,买盘
11:15:57,62.07,-0.01,41,254525,卖盘
11:16:01,62.07,0.0,55,341439,卖盘
11:16:04,62.09,0.02,44,273131,买盘
11:16:07,62.08,-0.01,10,62080,卖盘
11:16:10,62.09,0.01,15,93133,买盘
11:16:13,62.08,-0.01,45,279368,卖盘
11:16:16,62.09,0.01,36,223515,买盘
11:16:18,62.09,0.0,48,298076,卖盘
11:16:21,62.09,0.0,22,136599,卖盘
11:16:24,62.1,0.01,13,80725,买盘
11:16:27,62.09,-0.01,55,341532,卖盘
11:16:30,62.09,0.0,33,204907,卖盘
11:16:33,62.1,0.01,47,291828,中性盘
11:16:36,62.09,-0.01,56,347739,卖盘
11:16:40,62.1,0.01,70,434705,中性盘
11:16:42,62.09,-0.01,36,223551,卖盘
11:16:46,62.1,0.01,30,186300,买盘
11:16:48,62.1,0.0,22,136620,卖盘
11:16:51,62.11,0.01,6,37264,买盘
11:16:55,62.11,0.0,40,248418,买盘
11:16:58,62.1,-0.01,27,167672,卖盘
11:17:00,62.1,0.0,10,62107,卖盘
11:17:04,62.1,0.0,46,285686,卖盘
11:17:07,62.1,0.0,28,173884,卖盘
11:17:10,62.1,0.0,62,386730,卖盘
11:17:13,62.09,-0.01,152,944027,卖盘
11:17:15,62.1,0.01,60,372642,中性盘
11:17:18,62.1,0.0,9,55890,卖盘
11:17:21,62.1,0.0,25,155249,买盘
11:17:25,62.09,-0.01,12,74515,卖盘
11:17:27,62.09,0.0,19,117983,卖盘
11:17:31,62.1,0.01,4,24839,买盘
11:17:33,62.08,-0.02,160,993402,卖盘
11:17:37,62.09,0.01,38,235934,卖盘
11:17:40,62.09,0.0,48,298031,买盘
11:17:42,62.08,-0.01,66,409788,卖盘
11:17:45,62.09,0.01,64,397428,买盘
11:17:48,62.09,0.0,21,130391,卖盘
11:17:51,62.09,0.0,12,74499,买盘
11:17:55,62.08,-0.01,29,180046,卖盘
11:17:57,62.09,0.01,44,273164,买盘
11:18:01,62.09,0.0,23,142807,买盘
11:18:04,62.09,0.0,25,155225,卖盘
11:18:07,62.09,0.0,33,204902,卖盘
11:18:10,62.1,0.01,159,987221,买盘
11:18:12,62.07,-0.03,60,372451,卖盘
11:18:16,62.09,0.02,88,546346,买盘
11:18:18,62.08,-0.01,116,720219,卖盘
11:18:22,62.08,0.0,34,211072,卖盘
11:18:24,62.09,0.01,41,254517,买盘
11:18:27,62.07,-0.02,27,168118,卖盘
11:18:30,62.08,0.01,7,43456,中性盘
11:18:33,62.07,-0.01,3,18621,卖盘
11:18:36,62.08,0.01,35,217255,买盘
11:18:39,62.08,0.0,21,130366,买盘
11:18:42,62.07,-0.01,110,682828,卖盘
11:18:45,62.08,0.01,16,99316,中性盘
11:18:48,62.08,0.0,36,223488,卖盘
11:18:51,62.08,0.0,11,68291,卖盘
11:18:54,62.07,-0.01,83,515227,卖盘
11:18:57,62.06,-0.01,25,155156,卖盘
11:19:00,62.07,0.01,8,49656,买盘
11:19:04,62.05,-0.02,147,912284,卖盘
11:19:06,62.06,0.01,69,430953,买盘
11:19:10,62.06,0.0,12,74467,买盘
11:19:12,62.06,0.0,49,304094,买盘
11:19:16,62.05,-0.01,16,99282,卖盘
11:19:19,62.05,0.0,53,328912,卖盘
11:19:21,62.05,0.0,66,408145,卖盘
11:19:24,62.05,0.0,242,1501627,卖盘
11:19:27,62.05,0.0,4,24820,卖盘
11:19:30,62.06,0.01,77,477840,买盘
11:19:33,62.04,-0.02,21,128939,卖盘
11:19:36,62.05,0.01,34,210970,买盘
11:19:39,62.05,0.0,71,440498,买盘
11:19:42,62.05,0.0,43,268180,买盘
11:19:45,62.05,0.0,19,117895,卖盘
11:19:49,62.05,0.0,66,409572,卖盘
11:19:51,62.05,0.0,46,285436,卖盘
11:19:55,62.05,0.0,88,546052,卖盘
11:19:58,62.05,0.0,21,132398,卖盘
11:20:01,62.04,-0.01,22,136495,卖盘
11:20:04,62.05,0.01,88,545955,买盘
11:20:07,62.04,-0.01,72,443214,卖盘
11:20:10,62.03,-0.01,204,1265416,卖盘
11:20:12,62.03,0.0,109,677553,卖盘
11:20:16,62.05,0.02,147,910094,买盘
11:20:18,62.05,0.0,83,515015,卖盘
11:20:22,62.05,0.0,42,260610,卖盘
11:20:24,62.05,0.0,31,194273,卖盘
11:20:27,62.05,0.0,18,111670,买盘
11:20:31,62.03,-0.02,15,93057,卖盘
11:20:33,62.03,0.0,35,217091,卖盘
11:20:37,62.03,0.0,33,203801,买盘
11:20:39,62.03,0.0,34,210893,买盘
11:20:42,62.04,0.01,20,124079,买盘
11:20:45,62.02,-0.02,42,260521,卖盘
11:20:49,62.03,0.01,24,148879,卖盘
11:20:51,62.02,-0.01,50,310141,卖盘
11:20:55,62.03,0.01,12,74430,中性盘
11:20:58,62.03,0.0,74,458952,中性盘
11:21:00,62.03,0.0,45,281172,卖盘
11:21:05,62.03,0.0,275,1703699,卖盘
11:21:07,62.03,0.0,26,161280,卖盘
11:21:10,62.04,0.01,33,204701,买盘
11:21:13,62.05,0.01,7,43429,中性盘
11:21:16,62.04,-0.01,43,266749,卖盘
11:21:19,62.03,-0.01,8,49625,卖盘
11:21:21,62.03,0.0,44,272972,卖盘
11:21:24,62.03,0.0,4,24814,卖盘
11:21:31,62.04,0.01,10,62031,买盘
11:21:33,62.04,0.0,40,248139,买盘
11:21:36,62.03,-0.01,91,566558,卖盘
11:21:40,62.02,-0.01,56,347317,卖盘
11:21:43,62.02,0.0,186,1152676,卖盘
11:21:46,62.02,0.0,61,378316,买盘
11:21:48,62.01,-0.01,12,74421,卖盘
11:21:51,62.02,0.01,35,217057,买盘
11:21:54,62.01,-0.01,290,1798302,卖盘
11:21:57,62.01,0.0,35,217039,卖盘
11:22:00,62.01,0.0,21,130226,卖盘
11:22:04,62.01,0.0,101,626369,卖盘
11:22:06,62.01,0.0,32,198435,卖盘
11:22:09,62.01,0.0,303,1878857,卖盘
11:22:12,62.01,0.0,27,167405,买盘
11:22:16,62.01,0.0,29,179823,买盘
11:22:19,62.0,-0.01,537,3329409,卖盘
11:22:21,62.01,0.01,49,303892,买盘
11:22:25,62.0,-0.01,29,179823,买盘
11:22:27,62.01,0.01,54,334803,中性盘
11:22:30,62.01,0.0,138,855624,卖盘
11:22:33,62.02,0.01,161,998321,买盘
11:22:37,62.0,-0.02,530,3286001,卖盘
11:22:39,62.0,0.0,74,458810,卖盘
11:22:43,62.0,0.0,89,551839,卖盘
11:22:45,62.0,0.0,49,303800,卖盘
11:22:49,62.01,0.01,24,148836,买盘
11:22:51,62.0,-0.01,54,334827,卖盘
11:22:54,62.01,0.01,28,173606,买盘
11:22:57,62.01,0.0,42,260412,买盘
11:23:01,62.0,-0.01,80,496058,卖盘
11:23:04,62.0,0.0,60,372004,卖盘
11:23:07,62.01,0.01,13,80612,中性盘
11:23:10,62.01,0.0,221,1370261,卖盘
11:23:12,62.01,0.0,27,167438,卖盘
11:23:15,62.01,0.0,17,105410,卖盘
11:23:18,62.0,-0.01,59,365879,卖盘
11:23:21,62.01,0.01,42,260421,买盘
11:23:24,62.0,-0.01,27,167414,卖盘
11:23:28,62.01,0.01,79,489863,买盘
11:23:31,62.02,0.01,7,43412,买盘
11:23:33,62.01,-0.01,12,74412,卖盘
11:23:37,62.01,0.0,320,1984120,卖盘
11:23:39,62.0,-0.01,6,37203,卖盘
11:23:43,62.0,0.0,152,942430,卖盘
11:23:46,62.0,0.0,2,12400,卖盘
11:23:49,62.01,0.01,27,167410,买盘
11:23:52,62.01,0.0,28,173603,买盘
11:23:55,62.0,-0.01,71,440240,卖盘
11:23:57,62.0,0.0,100,620098,卖盘
11:24:01,62.0,0.0,62,384433,卖盘
11:24:05,62.0,0.0,18,111604,卖盘
11:24:07,62.0,0.0,88,545607,卖盘
11:24:09,62.0,0.0,15,93000,卖盘
11:24:13,62.0,0.0,29,179825,卖盘
11:24:15,62.01,0.01,8,49608,买盘
11:24:18,62.0,-0.01,13,80606,卖盘
11:24:22,62.01,0.01,60,372049,买盘
11:24:25,62.01,0.0,6,37206,买盘
11:24:27,62.0,-0.01,5,31003,卖盘
11:24:31,62.01,0.01,4,24804,买盘
11:24:33,62.01,0.0,30,186025,买盘
11:24:37,62.01,0.0,63,388450,买盘
11:24:39,62.01,0.0,77,477462,买盘
11:24:42,62.01,0.0,16,99216,买盘
11:24:46,62.0,-0.01,39,240381,卖盘
11:24:49,62.0,0.0,110,682108,卖盘
11:24:52,62.0,0.0,32,198403,卖盘
11:24:55,62.0,0.0,32,198412,卖盘
11:24:57,62.01,0.01,6,37204,买盘
11:25:01,62.01,0.0,60,372060,买盘
11:25:04,62.01,0.0,24,148824,卖盘
11:25:07,62.01,0.0,13,80613,卖盘
11:25:09,62.02,0.01,8,49609,买盘
11:25:12,62.02,0.0,23,142646,买盘
11:25:15,62.02,0.0,101,626401,买盘
11:25:19,62.02,0.0,12,74422,买盘
11:25:22,62.01,-0.01,21,130237,卖盘
11:25:25,62.01,0.0,58,365246,卖盘
11:25:28,62.02,0.01,17,105426,买盘
11:25:30,62.02,0.0,24,148826,买盘
11:25:34,62.02,0.0,18,111621,买盘
11:25:36,62.01,-0.01,74,455492,卖盘
11:25:39,62.02,0.01,88,545624,买盘
11:25:42,62.03,0.01,28,173667,买盘
11:25:45,62.02,-0.01,5,31010,卖盘
11:25:49,62.02,0.0,2,12404,卖盘
11:25:51,62.02,0.0,27,167456,卖盘
11:25:54,62.03,0.01,17,105440,买盘
11:25:58,62.02,-0.01,48,297697,卖盘
11:26:01,62.02,0.0,9,55818,买盘
11:26:04,62.01,-0.01,42,262816,卖盘
11:26:06,62.01,0.0,31,192253,卖盘
11:26:09,62.01,0.0,8,49608,卖盘
11:26:13,62.02,0.01,72,446485,买盘
11:26:15,62.02,0.0,5,31010,买盘
11:26:18,62.02,0.0,113,699350,买盘
11:26:22,62.02,0.0,34,210850,买盘
11:26:25,62.02,0.0,5,31010,买盘
11:26:28,62.02,0.0,18,111624,买盘
11:26:30,62.02,0.0,96,595384,买盘
11:26:33,62.02,0.0,11,68222,卖盘
11:26:36,62.02,0.0,20,124050,卖盘
11:26:40,62.03,0.01,73,452794,买盘
11:26:43,62.03,0.0,19,117854,买盘
11:26:45,62.03,0.0,31,192293,买盘
11:26:49,62.03,0.0,19,117871,卖盘
11:26:52,62.03,0.0,13,80639,卖盘
11:26:55,62.03,0.0,9,55830,卖盘
11:26:57,62.03,0.0,53,328809,卖盘
11:27:00,62.04,0.01,2,12408,买盘
11:27:04,62.03,-0.01,25,155089,卖盘
11:27:07,62.03,0.0,419,2599634,卖盘
11:27:10,62.04,0.01,26,161286,买盘
11:27:12,62.04,0.0,5,31020,卖盘
11:27:15,62.04,0.0,3,18612,卖盘
11:27:18,62.05,0.01,4,24820,买盘
11:27:22,62.05,0.0,4,24817,买盘
11:27:25,62.05,0.0,9,55842,买盘
11:27:28,62.05,0.0,21,130305,买盘
11:27:30,62.05,0.0,36,223361,买盘
11:27:33,62.04,-0.01,21,130289,卖盘
11:27:37,62.04,0.0,13,82701,卖盘
11:27:40,62.04,0.0,36,223342,买盘
11:27:42,62.05,0.01,9,55845,买盘
11:27:45,62.04,-0.01,12,74456,卖盘
11:27:49,62.04,0.0,6,37229,卖盘
11:27:52,62.04,0.0,21,130292,卖盘
11:27:54,62.05,0.01,37,229583,买盘
11:27:58,62.05,0.0,7,43435,买盘
11:28:00,62.05,0.0,12,74459,买盘
11:28:04,62.04,-0.01,57,353678,卖盘
11:28:07,62.05,0.01,35,217165,买盘
11:28:09,62.05,0.0,12,74449,买盘
11:28:12,62.05,0.0,13,80665,买盘
11:28:15,62.05,0.0,29,179922,买盘
11:28:18,62.05,0.0,50,310216,买盘
11:28:22,62.05,0.0,25,155122,买盘
11:28:25,62.05,0.0,51,316434,买盘
11:28:27,62.05,0.0,44,270218,买盘
11:28:30,62.04,-0.01,3,18612,卖盘
11:28:34,62.03,-0.01,176,1094721,卖盘
11:28:37,62.04,0.01,60,372240,买盘
11:28:39,62.03,-0.01,83,510311,卖盘
11:28:42,62.05,0.02,190,1182186,买盘
11:28:45,62.04,-0.01,21,130285,卖盘
11:28:48,62.04,0.0,109,672824,卖盘
11:28:51,62.04,0.0,39,241956,买盘
11:28:55,62.04,0.0,39,241948,买盘
11:28:58,62.04,0.0,103,642422,买盘
11:29:00,62.05,0.01,1,6205,买盘
11:29:04,62.04,-0.01,20,124095,卖盘
11:29:07,62.04,0.0,10,62041,卖盘
11:29:10,62.05,0.01,17,105482,买盘
11:29:12,62.05,0.0,22,136500,买盘
11:29:16,62.05,0.0,56,347478,买盘
11:29:19,62.04,-0.01,26,161326,卖盘
11:29:21,62.05,0.01,158,980368,买盘
11:29:24,62.04,-0.01,18,111689,卖盘
11:29:27,62.05,0.01,3,18615,买盘
11:29:31,62.05,0.0,9,55843,买盘
11:29:33,62.05,0.0,4,24818,买盘
11:29:37,62.05,0.0,32,198558,买盘
11:29:39,62.05,0.0,20,124098,买盘
11:29:43,62.05,0.0,24,148920,买盘
11:29:46,62.04,-0.01,44,273665,卖盘
11:29:48,62.05,0.01,64,397119,买盘
11:29:52,62.04,-0.01,136,843855,卖盘
11:29:54,62.04,0.0,98,603913,卖盘
11:29:58,62.05,0.01,50,314318,买盘
11:30:00,62.05,0.0,15,93075,卖盘
13:00:00,62.05,0.0,29,175869,卖盘
13:00:04,62.06,0.01,943,5852056,买盘
13:00:07,62.07,0.01,375,2327932,买盘
13:00:10,62.07,0.0,380,2358013,买盘
13:00:12,62.05,-0.02,55,341473,卖盘
13:00:15,62.06,0.01,37,229594,买盘
13:00:18,62.05,-0.01,83,517005,卖盘
13:00:21,62.05,0.0,115,712066,卖盘
13:00:24,62.05,0.0,15,93138,卖盘
13:00:27,62.05,0.0,46,289033,卖盘
13:00:31,62.05,0.0,35,217187,卖盘
13:00:34,62.06,0.01,27,167541,买盘
13:00:36,62.05,-0.01,68,421988,卖盘
13:00:39,62.05,0.0,164,1012732,卖盘
13:00:42,62.05,0.0,20,124111,卖盘
13:00:46,62.04,-0.01,54,335065,卖盘
13:00:48,62.05,0.01,32,202323,买盘
13:00:51,62.04,-0.01,39,238063,卖盘
13:00:54,62.04,0.0,40,249528,卖盘
13:00:57,62.05,0.01,22,136490,买盘
13:01:00,62.04,-0.01,68,421944,卖盘
13:01:04,62.04,0.0,132,818931,卖盘
13:01:07,62.04,0.0,97,603163,卖盘
13:01:10,62.04,0.0,158,980114,卖盘
13:01:12,62.04,0.0,41,254721,买盘
13:01:15,62.02,-0.02,216,1339851,卖盘
13:01:19,62.02,0.0,34,210907,卖盘
13:01:21,62.02,0.0,50,306642,卖盘
13:01:24,62.02,0.0,148,917978,卖盘
13:01:27,62.04,0.02,36,223337,买盘
13:01:31,62.02,-0.02,202,1252818,卖盘
13:01:33,62.01,-0.01,76,471850,卖盘
13:01:37,62.02,0.01,5,31016,中性盘
13:01:39,62.02,0.0,47,291512,卖盘
13:01:43,62.01,-0.01,9,55937,卖盘
13:01:46,62.01,0.0,212,1314373,卖盘
13:01:48,62.01,0.0,64,396868,卖盘
13:01:52,62.0,-0.01,82,508472,卖盘
13:01:54,62.0,0.0,786,4873202,卖盘
13:01:58,61.97,-0.03,1738,10777130,卖盘
13:02:00,62.0,0.03,219,1354270,买盘
13:02:04,61.96,-0.04,36,223973,卖盘
13:02:07,61.96,0.0,42,260235,卖盘
13:02:10,61.96,0.0,129,800358,卖盘
13:02:13,61.97,0.01,51,316029,买盘
13:02:16,61.96,-0.01,31,192077,卖盘
13:02:18,61.97,0.01,27,167317,买盘
13:02:21,61.96,-0.01,26,160662,卖盘
13:02:24,61.97,0.01,49,303606,买盘
13:02:28,61.97,0.0,36,223062,买盘
13:02:30,61.97,0.0,32,198296,买盘
13:02:34,61.97,0.0,63,390363,买盘
13:02:37,61.96,-0.01,34,210681,卖盘
13:02:39,61.97,0.01,53,328410,买盘
13:02:43,61.96,-0.01,50,309184,卖盘
13:02:45,61.95,-0.01,44,272483,卖盘
13:02:48,61.95,0.0,45,278791,卖盘
13:02:51,61.96,0.01,26,161079,买盘
13:02:55,61.95,-0.01,84,520394,卖盘
13:02:57,61.95,0.0,434,2688904,卖盘
13:03:01,61.96,0.01,15,92931,买盘
13:03:04,61.96,0.0,52,322147,买盘
13:03:07,61.95,-0.01,10,61954,卖盘
13:03:10,61.95,0.0,44,272586,卖盘
13:03:13,61.95,0.0,60,371044,卖盘
13:03:16,61.96,0.01,400,2478016,买盘
13:03:18,61.96,0.0,13,80548,买盘
13:03:21,61.95,-0.01,278,1723058,卖盘
13:03:25,61.97,0.02,43,266395,买盘
13:03:27,61.97,0.0,3,18590,买盘
13:03:30,61.97,0.0,28,173497,买盘
13:03:34,61.96,-0.01,31,192083,卖盘
13:03:37,61.96,0.0,23,143879,卖盘
13:03:39,61.96,0.0,6,37180,卖盘
13:03:42,61.96,0.0,64,396545,卖盘
13:03:46,61.96,0.0,31,191399,卖盘
13:03:49,61.97,0.01,24,147024,买盘
13:03:51,61.97,0.0,13,80554,买盘
13:03:54,61.96,-0.01,15,92944,卖盘
13:03:57,61.95,-0.01,9,55762,卖盘
13:04:00,61.96,0.01,265,1641940,买盘
13:04:04,61.96,0.0,159,985115,买盘
13:04:07,61.96,0.0,34,210645,买盘
13:04:10,61.96,0.0,33,204459,买盘
13:04:13,61.96,0.0,69,427507,买盘
13:04:16,61.96,0.0,52,323647,买盘
13:04:18,61.95,-0.01,39,241615,卖盘
13:04:21,61.96,0.01,81,501872,买盘
13:04:24,61.96,0.0,83,514218,买盘
13:04:27,61.95,-0.01,99,613341,卖盘
13:04:31,61.96,0.01,49,303571,买盘
13:04:33,61.96,0.0,60,371711,买盘
13:04:36,61.96,0.0,17,105330,买盘
13:04:40,61.96,0.0,69,427517,买盘
13:04:42,61.96,0.0,122,755835,买盘
13:04:45,61.95,-0.01,22,136306,卖盘
13:04:49,61.96,0.01,44,272620,买盘
13:04:52,61.96,0.0,174,1076615,买盘
13:04:54,61.96,0.0,40,247840,卖盘
13:04:57,61.97,0.01,24,148713,买盘
13:05:01,61.96,-0.01,8,49569,卖盘
13:05:04,61.98,0.02,192,1189827,买盘
13:05:07,61.99,0.01,32,198307,买盘
13:05:10,61.97,-0.02,9,55773,卖盘
13:05:13,61.99,0.02,76,470986,买盘
13:05:15,61.99,0.0,73,452398,买盘
13:05:18,61.98,-0.01,45,282852,卖盘
13:05:22,61.98,0.0,65,402916,卖盘
13:05:24,61.98,0.0,259,1601914,卖盘
13:05:27,61.98,0.0,19,117760,买盘
13:05:30,61.98,0.0,20,123953,买盘
13:05:33,61.98,0.0,61,378068,买盘
13:05:36,61.98,0.0,50,309898,买盘
13:05:40,61.98,0.0,25,154939,买盘
13:05:42,61.97,-0.01,87,539214,卖盘
13:05:45,61.99,0.02,14,86773,买盘
13:05:48,61.99,0.0,151,935899,买盘
13:05:51,61.98,-0.01,31,192198,卖盘
13:05:55,61.98,0.0,83,514471,卖盘
13:05:57,61.98,0.0,11,68860,卖盘
13:06:00,61.99,0.01,199,1233552,买盘
13:06:04,61.98,-0.01,40,247921,卖盘
13:06:06,61.98,0.0,9,55782,买盘
13:06:10,61.98,0.0,33,204522,买盘
13:06:12,61.98,0.0,86,532994,买盘
13:06:15,61.98,0.0,19,117762,买盘
13:06:18,61.98,0.0,17,105366,买盘
13:06:22,61.98,0.0,9,55782,卖盘
13:06:24,61.98,0.0,55,340893,卖盘
13:06:28,61.98,0.0,57,353286,卖盘
13:06:30,61.98,0.0,10,61980,买盘
13:06:33,61.98,0.0,44,272695,买盘
13:06:36,61.98,0.0,332,2057290,买盘
13:06:40,61.98,0.0,18,111563,买盘
13:06:42,61.98,0.0,66,408992,买盘
13:06:45,61.98,0.0,28,173517,买盘
13:06:48,61.96,-0.02,58,359380,卖盘
13:06:52,61.98,0.02,211,1307284,买盘
13:06:54,61.97,-0.01,47,291241,中性盘
13:06:58,61.96,-0.01,93,576511,卖盘
13:07:00,61.96,0.0,49,303615,卖盘
13:07:04,61.96,0.0,83,514208,卖盘
13:07:07,61.96,0.0,166,1028536,买盘
13:07:09,61.96,0.0,45,278810,买盘
13:07:12,61.96,0.0,75,464682,买盘
13:07:15,61.96,0.0,59,365559,买盘
13:07:19,61.96,0.0,19,117714,买盘
13:07:22,61.96,0.0,202,1251471,买盘
13:07:24,61.96,0.0,106,656718,买盘
13:07:27,61.96,0.0,583,3611723,买盘
13:07:31,61.96,0.0,114,706300,买盘
13:07:34,61.95,-0.01,31,192063,卖盘
13:07:36,61.95,0.0,77,477015,卖盘
13:07:39,61.95,0.0,27,167264,买盘
13:07:42,61.95,0.0,68,421220,买盘
13:07:45,61.95,0.0,38,234707,买盘
13:07:48,61.95,0.0,15,92920,买盘
13:07:52,61.95,0.0,62,384066,买盘
13:07:55,61.95,0.0,93,576082,买盘
13:07:57,61.95,0.0,161,996030,买盘
13:08:00,61.94,-0.01,32,198224,卖盘
13:08:04,61.94,0.0,83,516039,卖盘
13:08:07,61.95,0.01,212,1313098,买盘
13:08:10,61.94,-0.01,36,222535,中性盘
13:08:12,61.93,-0.01,111,687564,卖盘
13:08:16,61.95,0.02,10,61950,买盘
13:08:19,61.94,-0.01,32,198221,卖盘
13:08:22,61.94,0.0,114,706176,卖盘
13:08:25,61.94,0.0,44,273397,卖盘
13:08:27,61.94,0.0,23,142461,买盘
13:08:31,61.94,0.0,49,303466,买盘
13:08:33,61.93,-0.01,71,439912,卖盘
13:08:36,61.94,0.01,20,123870,买盘
13:08:39,61.94,0.0,30,185812,买盘
13:08:42,61.94,0.0,19,117673,买盘
13:08:46,61.94,0.0,112,693834,买盘
13:08:48,61.94,0.0,226,1399644,买盘
13:08:52,61.94,0.0,82,507905,买盘
13:08:54,61.93,-0.01,27,167223,卖盘
13:08:58,61.93,0.0,92,570656,卖盘
13:09:00,61.93,0.0,43,266324,卖盘
13:09:04,61.94,0.01,125,774202,买盘
13:09:07,61.93,-0.01,94,582185,卖盘
13:09:10,61.93,0.0,19,117674,卖盘
13:09:12,61.93,0.0,49,303481,卖盘
13:09:16,61.94,0.01,74,458350,买盘
13:09:18,61.94,0.0,90,557390,买盘
13:09:22,61.94,0.0,27,167228,买盘
13:09:24,61.93,-0.01,64,396371,卖盘
13:09:28,61.93,0.0,27,167227,卖盘
13:09:30,61.94,0.01,36,222971,买盘
13:09:33,61.94,0.0,120,743280,买盘
13:09:36,61.94,0.0,44,272540,买盘
13:09:39,61.94,0.0,61,377835,卖盘
13:09:43,61.94,0.0,3,18583,卖盘
13:09:46,61.94,0.0,153,947672,卖盘
13:09:48,61.94,0.0,24,148656,买盘
13:09:51,61.94,0.0,49,303489,买盘
13:09:55,61.94,0.0,61,377803,买盘
13:09:57,61.94,0.0,120,742859,买盘
13:10:00,61.93,-0.01,15,92908,卖盘
13:10:04,61.94,0.01,61,377781,买盘
13:10:07,61.94,0.0,17,105294,买盘
13:10:10,61.93,-0.01,268,1659538,卖盘
13:10:12,61.94,0.01,116,718419,买盘
13:10:15,61.93,-0.01,74,458342,卖盘
13:10:18,61.94,0.01,86,532677,买盘
13:10:22,61.94,0.0,28,173432,买盘
13:10:25,61.94,0.0,69,427342,买盘
13:10:27,61.94,0.0,76,470732,买盘
13:10:30,61.95,0.01,3,18585,买盘
13:10:34,61.94,-0.01,7,43358,卖盘
13:10:36,61.95,0.01,167,1034387,买盘
13:10:39,61.95,0.0,12,74340,买盘
13:10:43,61.94,-0.01,63,392539,卖盘
13:10:46,61.94,0.0,59,365454,卖盘
13:10:49,61.95,0.01,69,423307,买盘
13:10:51,61.95,0.0,70,433617,买盘
13:10:55,61.94,-0.01,38,235394,卖盘
13:10:57,61.94,0.0,52,322103,卖盘
13:11:00,61.95,0.01,21,130092,买盘
13:11:04,61.94,-0.01,59,365455,卖盘
13:11:06,61.93,-0.01,213,1319263,卖盘
13:11:09,61.94,0.01,46,284932,中性盘
13:11:12,61.93,-0.01,27,170386,卖盘
13:11:16,61.93,0.0,27,167224,卖盘
13:11:19,61.93,0.0,36,222971,卖盘
13:11:21,61.94,0.01,27,167237,买盘
13:11:25,61.93,-0.01,111,687478,卖盘
13:11:28,61.93,0.0,65,402556,卖盘
13:11:31,61.94,0.01,40,247725,买盘
13:11:34,61.94,0.0,22,136261,买盘
13:11:37,61.93,-0.01,277,1716131,卖盘
13:11:39,61.93,0.0,59,365402,卖盘
13:11:43,61.93,0.0,221,1368685,卖盘
13:11:45,61.93,0.0,53,325243,卖盘
13:11:48,61.93,0.0,122,755479,买盘
13:11:51,61.92,-0.01,26,161003,卖盘
13:11:54,61.93,0.01,249,1541846,买盘
13:11:58,61.92,-0.01,182,1126985,卖盘
13:12:01,61.92,0.0,27,167200,卖盘
13:12:04,61.93,0.01,282,1746149,买盘
13:12:07,61.93,0.0,425,2631606,买盘
13:12:09,61.92,-0.01,37,230953,卖盘
13:12:13,61.92,0.0,19,117647,买盘
13:12:16,61.92,0.0,83,513914,买盘
13:12:18,61.92,0.0,48,297201,买盘
13:12:21,61.92,0.0,100,619134,买盘
13:12:25,61.91,-0.01,300,1857330,卖盘
13:12:28,61.91,0.0,82,507716,卖盘
13:12:31,61.91,0.0,340,2104935,卖盘
13:12:33,61.92,0.01,16,99067,买盘
13:12:36,61.91,-0.01,32,197556,卖盘
13:12:39,61.91,0.0,652,4035366,卖盘
13:12:42,61.92,0.01,589,3647678,买盘
13:12:46,61.92,0.0,62,383853,买盘
13:12:49,61.91,-0.01,28,173354,卖盘
13:12:52,61.91,0.0,189,1170101,卖盘
13:12:55,61.91,0.0,86,532427,卖盘
13:12:57,61.91,0.0,128,791283,卖盘
13:13:01,61.91,0.0,141,872794,买盘
13:13:04,61.91,0.0,23,142389,买盘
13:13:07,61.9,-0.01,45,278572,卖盘
13:13:10,61.91,0.01,77,476660,买盘
13:13:13,61.91,0.0,65,402414,买盘
13:13:16,61.9,-0.01,47,290951,卖盘
13:13:18,61.9,0.0,240,1485637,卖盘
13:13:21,61.91,0.01,48,297142,买盘
13:13:24,61.91,0.0,141,874678,买盘
13:13:28,61.91,0.0,329,2036527,买盘
13:13:31,61.9,-0.01,49,303329,卖盘
13:13:33,61.91,0.01,363,2247102,买盘
13:13:37,61.91,0.0,64,396218,买盘
13:13:39,61.91,0.0,50,309540,买盘
13:13:43,61.91,0.0,76,470491,买盘
13:13:45,61.91,0.0,68,420958,买盘
13:13:48,61.91,0.0,49,305078,买盘
13:13:51,61.91,0.0,112,693318,买盘
13:13:54,61.91,0.0,73,451915,买盘
13:13:58,61.91,0.0,58,359038,买盘
13:14:00,61.91,0.0,127,786254,买盘
13:14:04,61.9,-0.01,101,625271,卖盘
13:14:07,61.91,0.01,99,612898,买盘
13:14:09,61.91,0.0,75,464317,买盘
13:14:12,61.91,0.0,458,2835057,买盘
13:14:16,61.91,0.0,62,383814,买盘
13:14:19,61.91,0.0,80,495261,买盘
13:14:22,61.91,0.0,52,321917,买盘
13:14:24,61.91,0.0,572,3538344,买盘
13:14:27,61.91,0.0,44,272404,卖盘
13:14:30,61.91,0.0,50,309555,卖盘
13:14:34,61.93,0.02,245,1517021,买盘
13:14:37,61.92,-0.01,493,3052210,卖盘
13:14:40,61.93,0.01,27,167200,买盘
13:14:43,61.92,-0.01,53,328178,卖盘
13:14:46,61.93,0.01,145,897823,买盘
13:14:48,61.93,0.0,63,390108,买盘
13:14:52,61.93,0.0,161,997062,买盘
13:14:55,61.93,0.0,53,328214,买盘
13:14:57,61.93,0.0,34,210562,卖盘
13:15:01,61.94,0.01,42,260113,买盘
13:15:05,61.94,0.0,127,786607,买盘
13:15:07,61.93,-0.01,79,489307,卖盘
13:15:10,61.94,0.01,40,247756,买盘
13:15:13,61.94,0.0,12,74328,卖盘
13:15:15,61.94,0.0,7,43361,卖盘
13:15:19,61.95,0.01,13,80534,买盘
13:15:21,61.94,-0.01,32,198231,卖盘
13:15:25,61.95,0.01,59,365501,买盘
13:15:27,61.96,0.01,3,18586,买盘
13:15:31,61.96,0.0,30,185860,买盘
13:15:33,61.96,0.0,41,254018,买盘
13:15:37,61.96,0.0,35,216843,买盘
13:15:40,61.96,0.0,74,458502,买盘
13:15:43,61.96,0.0,78,483288,买盘
13:15:46,61.97,0.01,25,154915,买盘
13:15:49,61.97,0.0,33,204495,买盘
13:15:51,61.97,0.0,47,291258,买盘
13:15:55,61.97,0.0,43,266457,买盘
13:15:57,61.96,-0.01,112,694033,卖盘
13:16:01,61.97,0.01,117,725041,买盘
13:16:05,61.97,0.0,28,173517,卖盘
13:16:07,61.98,0.01,59,365664,买盘
13:16:10,61.97,-0.01,294,1821973,卖盘
13:16:12,61.96,-0.01,46,285060,卖盘
13:16:16,61.97,0.01,37,229289,买盘
13:16:18,61.98,0.01,29,179714,买盘
13:16:21,61.97,-0.01,137,848989,卖盘
13:16:25,61.97,0.0,58,359426,买盘
13:16:27,61.96,-0.01,54,334628,卖盘
13:16:30,61.97,0.01,59,365612,买盘
13:16:33,61.97,0.0,98,607317,买盘
13:16:37,61.97,0.0,35,216879,买盘
13:16:40,61.98,0.01,13,80562,买盘
13:16:43,61.97,-0.01,20,123953,卖盘
13:16:45,61.97,0.0,42,260298,卖盘
13:16:48,61.98,0.01,7,43386,买盘
13:16:51,61.98,0.0,53,328483,买盘
13:16:55,61.97,-0.01,99,613535,卖盘
13:16:58,61.98,0.01,88,545390,买盘
13:17:01,61.98,0.0,67,415234,买盘
13:17:04,61.97,-0.01,69,427648,卖盘
13:17:07,61.98,0.01,86,533011,买盘
13:17:10,61.99,0.01,285,1766706,买盘
13:17:13,61.97,-0.02,687,4258544,卖盘
13:17:15,61.99,0.02,3,18596,中性盘
13:17:18,61.98,-0.01,26,161149,卖盘
13:17:21,61.98,0.0,29,179741,买盘
13:17:25,61.97,-0.01,75,464789,卖盘
13:17:28,61.98,0.01,55,340865,买盘
13:17:31,61.99,0.01,181,1121810,买盘
13:17:33,61.99,0.0,25,154952,买盘
13:17:37,61.98,-0.01,24,148765,卖盘
13:17:39,61.99,0.01,19,117781,买盘
13:17:43,61.99,0.0,26,161169,买盘
13:17:46,61.99,0.0,27,167360,买盘
13:17:49,61.99,0.0,14,86785,买盘
13:17:52,61.99,0.0,24,148776,买盘
13:17:54,61.99,0.0,161,998039,买盘
13:17:58,62.0,0.01,50,309025,买盘
13:18:00,62.0,0.0,64,396779,买盘
13:18:04,62.0,0.0,167,1035265,买盘
13:18:07,61.99,-0.01,88,545562,卖盘
13:18:10,62.0,0.01,118,731542,买盘
13:18:12,61.99,-0.01,74,457500,卖盘
13:18:16,62.0,0.01,57,357063,买盘
13:18:18,61.98,-0.02,231,1431772,卖盘
13:18:22,62.0,0.02,175,1084867,买盘
13:18:24,61.99,-0.01,3,18599,卖盘
13:18:27,61.99,0.0,21,130189,卖盘
13:18:30,62.0,0.01,31,192181,买盘
13:18:33,61.99,-0.01,37,226129,卖盘
13:18:36,61.99,0.0,107,663291,买盘
13:18:39,61.99,0.0,35,216952,买盘
13:18:42,61.99,0.0,73,452496,买盘
13:18:46,61.98,-0.01,85,526911,卖盘
13:18:49,61.99,0.01,75,464928,买盘
13:18:52,61.99,0.0,24,148780,卖盘
13:18:55,61.99,0.0,23,142589,卖盘
13:18:57,62.0,0.01,22,136399,买盘
13:19:00,62.0,0.0,35,216987,买盘
13:19:04,62.0,0.0,158,979477,买盘
13:19:07,61.99,-0.01,48,297574,卖盘
13:19:09,62.0,0.01,33,204582,买盘
13:19:13,61.99,-0.01,107,664198,卖盘
13:19:15,62.0,0.01,36,223173,买盘
13:19:19,61.99,-0.01,54,334771,卖盘
13:19:22,61.99,0.0,46,285175,卖盘
13:19:25,61.99,0.0,82,506971,卖盘
13:19:27,61.98,-0.01,83,514108,卖盘
13:19:31,61.99,0.01,137,849226,买盘
13:19:33,62.0,0.01,541,3354002,买盘
13:19:36,61.99,-0.01,82,508361,中性盘
13:19:40,61.99,0.0,29,179784,中性盘
13:19:42,61.99,0.0,251,1556114,买盘
13:19:46,61.99,0.0,43,266529,买盘
13:19:49,61.99,0.0,20,123974,买盘
13:19:52,61.99,0.0,50,309947,买盘
13:19:54,61.98,-0.01,33,204558,卖盘
13:19:57,61.99,0.01,80,495926,买盘
13:20:00,61.99,0.0,7,43392,买盘
13:20:05,61.98,-0.01,16,99178,卖盘
13:20:07,61.99,0.01,46,285155,买盘
13:20:10,61.99,0.0,83,514511,买盘
13:20:13,61.99,0.0,6,37194,卖盘
13:20:16,61.99,0.0,4,24798,卖盘
13:20:18,61.99,0.0,26,161179,卖盘
13:20:22,61.99,0.0,32,198396,卖盘
13:20:25,62.0,0.01,12,74400,买盘
13:20:28,61.99,-0.01,89,551735,卖盘
13:20:30,61.99,0.0,15,92990,卖盘
13:20:33,61.99,0.0,45,283753,卖盘
13:20:37,61.99,0.0,5,30997,卖盘
13:20:39,61.99,0.0,48,297578,卖盘
13:20:43,62.0,0.01,83,514529,买盘
13:20:45,62.0,0.0,21,130190,买盘
13:20:48,62.0,0.0,45,278986,买盘
13:20:52,62.0,0.0,27,167390,买盘
13:20:55,61.99,-0.01,71,437200,卖盘
13:20:57,61.99,0.0,36,223198,卖盘
13:21:01,62.0,0.01,104,644760,买盘
13:21:04,62.0,0.0,48,297558,买盘
13:21:07,62.0,0.0,18,111598,买盘
13:21:09,62.0,0.0,42,260388,买盘
13:21:12,62.0,0.0,15,92999,买盘
13:21:16,62.0,0.0,68,421566,买盘
13:21:19,62.0,0.0,36,220890,买盘
13:21:21,62.0,0.0,21,130192,买盘
13:21:24,61.99,-0.01,23,142581,卖盘
13:21:28,62.0,0.01,231,1432050,买盘
13:21:31,62.0,0.0,7,43400,买盘
13:21:33,62.0,0.0,57,353386,买盘
13:21:36,62.0,0.0,41,254189,买盘
13:21:40,61.99,-0.01,60,373946,卖盘
13:21:42,61.99,0.0,47,291399,卖盘
13:21:46,62.0,0.01,14,86800,买盘
13:21:48,62.0,0.0,55,340977,买盘
13:21:51,62.0,0.0,62,384364,买盘
13:21:54,62.0,0.0,39,241781,买盘
13:21:57,61.99,-0.01,42,260388,卖盘
13:22:01,62.0,0.01,73,452590,买盘
13:22:05,62.0,0.0,143,886585,买盘
13:22:07,62.0,0.0,14,86798,买盘
13:22:10,62.0,0.0,46,285174,买盘
13:22:12,62.0,0.0,35,216998,买盘
13:22:16,62.0,0.0,42,260399,买盘
13:22:18,62.0,0.0,21,130200,买盘
13:22:21,62.0,0.0,46,285189,买盘
13:22:24,62.0,0.0,128,793579,买盘
13:22:27,62.0,0.0,9,55805,卖盘
13:22:30,62.0,0.0,6,37201,卖盘
13:22:33,62.01,0.01,33,204618,买盘
13:22:36,62.01,0.0,36,223201,买盘
13:22:39,62.0,-0.01,18,111602,卖盘
13:22:42,62.01,0.01,31,192212,买盘
13:22:46,62.0,-0.01,1,6200,卖盘
13:22:49,62.0,0.0,60,374772,卖盘
13:22:51,62.0,0.0,261,1615466,卖盘
13:22:55,62.0,0.0,48,297600,买盘
13:22:57,61.99,-0.01,134,830686,卖盘
13:23:00,61.99,0.0,62,383077,卖盘
13:23:04,61.99,0.0,54,334770,卖盘
13:23:07,61.99,0.0,105,651832,卖盘
13:23:10,62.0,0.01,47,291390,买盘
13:23:12,61.99,-0.01,35,218898,卖盘
13:23:16,61.99,0.0,47,291389,卖盘
13:23:19,62.0,0.01,119,737692,买盘
13:23:21,61.99,-0.01,14,86788,卖盘
13:23:25,61.99,0.0,22,138362,卖盘
13:23:27,62.0,0.01,441,2730600,买盘
13:23:30,62.0,0.0,21,130200,卖盘
13:23:34,62.0,0.0,67,415360,卖盘
13:23:37,62.0,0.0,50,309976,卖盘
13:23:39,61.99,-0.01,100,619861,卖盘
13:23:42,61.99,0.0,29,179771,买盘
13:23:46,61.99,0.0,27,167359,买盘
13:23:49,61.99,0.0,252,1561981,买盘
13:23:51,61.98,-0.01,29,179770,卖盘
13:23:55,61.99,0.01,65,402922,买盘
13:23:58,61.98,-0.01,120,743766,卖盘
13:24:01,61.99,0.01,58,359511,买盘
13:24:04,61.99,0.0,16,99179,买盘
13:24:07,61.98,-0.01,135,836765,卖盘
13:24:09,61.98,0.0,47,291326,卖盘
13:24:13,61.98,0.0,186,1155549,卖盘
13:24:15,61.99,0.01,27,167355,中性盘
13:24:19,61.99,0.0,132,818177,买盘
13:24:22,62.0,0.01,33,204568,买盘
13:24:25,62.0,0.0,10,61996,买盘
13:24:27,61.99,-0.01,116,719087,卖盘
13:24:31,62.0,0.01,35,216978,买盘
13:24:34,61.98,-0.02,30,185968,卖盘
13:24:37,61.98,0.0,118,731377,卖盘
13:24:39,61.99,0.01,47,291353,买盘
13:24:43,61.98,-0.01,20,123966,卖盘
13:24:45,61.99,0.01,62,384301,买盘
13:24:49,61.99,0.0,322,1995790,买盘
13:24:51,61.99,0.0,30,185967,买盘
13:24:54,61.99,0.0,67,415306,买盘
13:24:57,61.98,-0.01,99,613541,卖盘
13:25:00,61.98,0.0,45,278909,买盘
13:25:04,61.98,0.0,47,291300,买盘
13:25:07,61.98,0.0,138,855198,买盘
13:25:09,61.98,0.0,42,260291,买盘
13:25:12,61.98,0.0,55,340849,买盘
13:25:16,61.98,0.0,73,452434,买盘
13:25:18,61.97,-0.01,127,787042,卖盘
13:25:22,61.98,0.01,77,477272,买盘
13:25:25,61.98,0.0,31,192138,卖盘
13:25:28,61.98,0.0,103,638394,卖盘
13:25:30,61.98,0.0,12,74377,卖盘
13:25:33,61.98,0.0,8,49584,卖盘
13:25:37,61.98,0.0,90,557761,卖盘
13:25:39,61.98,0.0,18,111564,买盘
13:25:42,61.97,-0.01,47,291304,卖盘
13:25:46,61.98,0.01,38,235524,买盘
13:25:49,61.97,-0.01,115,712659,卖盘
13:25:51,61.97,0.0,59,365642,卖盘
13:25:55,61.97,0.0,5,30989,卖盘
13:25:58,61.98,0.01,122,756040,买盘
13:26:00,61.97,-0.01,59,365315,卖盘
13:26:05,61.97,0.0,21,130144,卖盘
13:26:07,61.97,0.0,46,285380,卖盘
13:26:10,61.97,0.0,20,123932,买盘
13:26:13,61.97,0.0,53,326681,买盘
13:26:16,61.97,0.0,40,247847,买盘
13:26:18,61.96,-0.01,138,855058,卖盘
13:26:22,61.97,0.01,22,136316,买盘
13:26:24,61.96,-0.01,37,227224,卖盘
13:26:28,61.96,0.0,115,712546,卖盘
13:26:30,61.96,0.0,20,123929,卖盘
13:26:34,61.97,0.01,21,130303,买盘
13:26:37,61.97,0.0,312,1933273,买盘
13:26:40,61.96,-0.01,17,105338,卖盘
13:26:42,61.96,0.0,18,111528,卖盘
13:26:45,61.97,0.01,68,421383,买盘
13:26:48,61.96,-0.01,267,1653945,卖盘
13:26:51,61.96,0.0,14,86744,买盘
13:26:54,61.95,-0.01,36,223046,卖盘
13:26:58,61.96,0.01,134,830152,买盘
13:27:00,61.95,-0.01,62,388253,卖盘
13:27:04,61.95,0.0,31,192069,卖盘
13:27:06,61.95,0.0,141,873500,卖盘
13:27:09,61.95,0.0,27,167268,卖盘
13:27:13,61.95,0.0,45,278781,卖盘
13:27:16,61.96,0.01,12,74346,买盘
13:27:18,61.96,0.0,157,972632,买盘
13:27:21,61.96,0.0,35,216839,买盘
13:27:24,61.96,0.0,433,2682663,买盘
13:27:28,61.95,-0.01,152,941682,卖盘
13:27:31,61.95,0.0,45,278790,卖盘
13:27:33,61.96,0.01,34,207067,买盘
13:27:37,61.96,0.0,87,542646,卖盘
13:27:40,61.95,-0.01,46,285003,卖盘
13:27:42,61.95,0.0,25,154889,卖盘
13:27:45,61.96,0.01,35,216850,买盘
13:27:48,61.96,0.0,101,625705,买盘
13:27:51,61.95,-0.01,17,105321,卖盘
13:27:54,61.95,0.0,18,111510,卖盘
13:27:58,61.96,0.01,580,3593176,买盘
13:28:00,61.96,0.0,57,353128,买盘
13:28:05,61.95,-0.01,34,210646,卖盘
13:28:07,61.96,0.01,20,123917,买盘
13:28:10,61.95,-0.01,218,1350599,卖盘
13:28:13,61.96,0.01,25,154885,买盘
13:28:15,61.96,0.0,166,1028375,买盘
13:28:19,61.95,-0.01,91,563559,卖盘
13:28:21,61.95,0.0,18,111510,买盘
13:28:25,61.95,0.0,47,291150,买盘
13:28:28,61.94,-0.01,172,1065400,卖盘
13:28:30,61.95,0.01,59,365765,买盘
13:28:33,61.94,-0.01,44,272598,卖盘
13:28:37,61.95,0.01,57,353044,买盘
13:28:40,61.95,0.0,155,960087,买盘
13:28:43,61.95,0.0,97,600805,买盘
13:28:45,61.94,-0.01,166,1028049,买盘
13:28:49,61.94,0.0,433,2681635,买盘
13:28:52,61.95,0.01,335,2075299,买盘
13:28:54,61.95,0.0,61,377895,卖盘
13:28:58,61.95,0.0,128,792962,卖盘
13:29:01,61.95,0.0,40,247815,卖盘
13:29:04,61.95,0.0,23,142486,卖盘
13:29:07,61.96,0.01,43,266396,买盘
13:29:10,61.96,0.0,148,916870,买盘
13:29:12,61.95,-0.01,7,43367,卖盘
13:29:16,61.96,0.01,30,185868,买盘
13:29:19,61.95,-0.01,145,898298,卖盘
13:29:22,61.96,0.01,39,242238,买盘
13:29:25,61.95,-0.01,27,167277,卖盘
13:29:27,61.95,0.0,129,799156,卖盘
13:29:31,61.96,0.01,27,167271,买盘
13:29:33,61.96,0.0,228,1411845,买盘
13:29:37,61.95,-0.01,50,306561,卖盘
13:29:39,61.95,0.0,67,415052,卖盘
13:29:43,61.95,0.0,21,130094,买盘
13:29:45,61.95,0.0,12,74336,买盘
13:29:49,61.95,0.0,127,786660,买盘
13:29:52,61.95,0.0,75,464614,买盘
13:29:55,61.94,-0.01,35,216802,卖盘
13:29:57,61.94,0.0,92,573028,卖盘
13:30:01,61.93,-0.01,36,222963,卖盘
13:30:05,61.93,0.0,25,154829,卖盘
13:30:07,61.93,0.0,73,448144,卖盘
13:30:10,61.94,0.01,139,860816,买盘
13:30:12,61.93,-0.01,118,735377,卖盘
13:30:16,61.93,0.0,40,247721,卖盘
13:30:18,61.94,0.01,126,780217,买盘
13:30:22,61.93,-0.01,23,142442,卖盘
13:30:24,61.94,0.01,53,328259,买盘
13:30:28,61.93,-0.01,144,891823,卖盘
13:30:30,61.94,0.01,37,229123,买盘
13:30:34,61.94,0.0,53,328239,买盘
13:30:37,61.94,0.0,36,217867,买盘
13:30:39,61.93,-0.01,55,340618,卖盘
13:30:42,61.92,-0.01,28,173403,卖盘
13:30:46,61.92,0.0,27,167197,卖盘
13:30:49,61.92,0.0,177,1095997,卖盘
