time,price,change,volume,amount,type
09:25:04,60.85,-0.72,4589,27924065,卖盘
09:30:00,60.8,-0.05,494,3001618,卖盘
09:30:04,60.78,-0.02,2021,12281466,买盘
09:30:07,60.8,0.02,1073,6517892,买盘
09:30:10,60.8,0.0,1369,8321438,买盘
09:30:12,60.73,-0.07,518,3146192,卖盘
09:30:15,60.8,0.07,847,5146481,买盘
09:30:19,60.64,-0.16,493,2993654,卖盘
09:30:21,60.58,-0.06,586,3552575,卖盘
09:30:24,60.64,0.06,729,4414563,买盘
09:30:27,60.6,-0.04,938,5683923,卖盘
09:30:31,60.53,-0.07,803,4863562,卖盘
09:30:34,60.51,-0.02,839,5077108,卖盘
09:30:36,60.5,-0.01,2176,13165441,卖盘
09:30:39,60.44,-0.06,633,3831262,卖盘
09:30:43,60.38,-0.06,552,3330474,卖盘
09:30:46,60.36,-0.02,661,3990711,卖盘
09:30:49,60.36,0.0,705,4253382,买盘
09:30:52,60.27,-0.09,452,2725437,卖盘
09:30:54,60.28,0.01,602,3626337,买盘
09:30:57,60.2,-0.08,732,4404520,卖盘
09:31:00,60.2,0.0,621,3737515,买盘
09:31:05,60.1,-0.1,598,3595700,卖盘
09:31:07,60.08,-0.02,480,2884652,卖盘
09:31:10,60.02,-0.06,438,2630572,卖盘
09:31:13,60.01,-0.01,985,5911908,卖盘
09:31:16,60.02,0.01,1273,7638600,买盘
09:31:18,60.05,0.03,1607,9643111,买盘
09:31:21,60.05,0.0,1496,8981669,买盘
09:31:24,60.02,-0.03,1175,7053294,卖盘
09:31:28,60.02,0.0,1200,7203999,卖盘
09:31:31,60.05,0.03,1303,7819658,买盘
09:31:34,60.0,-0.05,870,5222260,卖盘
09:31:36,59.98,-0.02,854,5122506,卖盘
09:31:40,59.96,-0.02,645,3868458,中性盘
09:31:43,59.94,-0.02,553,3316449,卖盘
09:31:46,59.95,0.01,278,1666174,中性盘
09:31:49,59.94,-0.01,349,2091594,中性盘
09:31:52,59.91,-0.03,392,2349071,卖盘
09:31:55,59.95,0.04,721,4320958,买盘
09:31:57,59.91,-0.04,1307,7833136,卖盘
09:32:01,59.94,0.03,867,5197795,买盘
09:32:04,59.98,0.04,1298,7790324,买盘
09:32:06,59.94,-0.04,1074,6443201,卖盘
09:32:10,59.98,0.04,534,3203694,中性盘
09:32:13,60.0,0.02,661,3965994,卖盘
09:32:15,60.11,0.11,486,2916369,买盘
09:32:19,60.01,-0.1,236,1416703,卖盘
09:32:22,60.13,0.12,261,1568130,买盘
09:32:25,60.15,0.02,349,2098134,买盘
09:32:28,60.2,0.05,520,3130097,买盘
09:32:30,60.25,0.05,206,1240891,中性盘
09:32:34,60.29,0.04,244,1470343,买盘
09:32:37,60.3,0.01,216,1302309,买盘
09:32:40,60.3,0.0,392,2365819,卖盘
09:32:43,60.46,0.16,155,936132,中性盘
09:32:46,60.35,-0.11,303,1829930,卖盘
09:32:49,60.47,0.12,302,1824019,买盘
09:32:51,60.49,0.02,176,1064233,买盘
09:32:54,60.45,-0.04,498,3009449,卖盘
09:32:57,60.49,0.04,722,4363774,买盘
09:33:01,60.52,0.03,536,3241901,买盘
09:33:05,60.49,-0.03,1085,6568924,卖盘
09:33:07,60.52,0.03,969,5872089,买盘
09:33:10,60.73,0.21,322,1950315,中性盘
09:33:13,60.6,-0.13,441,2675355,中性盘
09:33:16,60.73,0.13,393,2384814,中性盘
09:33:19,60.59,-0.14,367,2226949,卖盘
09:33:21,60.65,0.06,515,3128455,中性盘
09:33:25,60.71,0.06,688,4177468,买盘
09:33:27,60.6,-0.11,403,2443305,卖盘
09:33:30,60.69,0.09,224,1358188,买盘
09:33:34,60.6,-0.09,420,2546712,卖盘
09:33:37,60.61,0.01,859,5202077,中性盘
09:33:40,60.6,-0.01,621,3765076,卖盘
09:33:43,60.6,0.0,332,2011905,卖盘
09:33:46,60.62,0.02,1289,7810215,买盘
09:33:49,60.6,-0.02,448,2714710,卖盘
09:33:52,60.51,-0.09,254,1538484,卖盘
09:33:55,60.58,0.07,586,3550180,买盘
09:33:58,60.52,-0.06,430,2603401,卖盘
09:34:00,60.52,0.0,270,1634660,买盘
09:34:04,60.6,0.08,249,1506980,买盘
09:34:07,60.52,-0.08,261,1579479,卖盘
09:34:10,60.52,0.0,258,1562126,卖盘
09:34:12,60.6,0.08,299,1810588,买盘
09:34:16,60.52,-0.08,808,4890099,卖盘
09:34:18,60.54,0.02,171,1034986,卖盘
09:34:22,60.5,-0.04,465,2814807,卖盘
09:34:24,60.5,0.0,367,2220276,买盘
09:34:28,60.5,0.0,250,1512714,卖盘
09:34:31,60.55,0.05,206,1247175,买盘
09:34:34,60.51,-0.04,185,1119723,卖盘
09:34:36,60.55,0.04,220,1331385,买盘
09:34:40,60.55,0.0,510,3086033,买盘
09:34:42,60.5,-0.05,116,702047,卖盘
09:34:46,60.51,0.01,346,2093637,买盘
09:34:48,60.5,-0.01,1347,8148963,卖盘
09:34:51,60.48,-0.02,188,1137407,卖盘
09:34:54,60.49,0.01,596,3601013,买盘
09:34:58,60.45,-0.04,467,2824357,卖盘
09:35:01,60.45,0.0,189,1142191,买盘
09:35:04,60.41,-0.04,397,2398530,买盘
09:35:07,60.41,0.0,364,2198144,买盘
09:35:10,60.4,-0.01,120,724641,卖盘
09:35:13,60.38,-0.02,155,935651,中性盘
09:35:16,60.33,-0.05,292,1761731,卖盘
09:35:19,60.31,-0.02,355,2142156,中性盘
09:35:22,60.3,-0.01,306,1846026,卖盘
09:35:25,60.3,0.0,658,3967684,买盘
09:35:28,60.3,0.0,607,3660970,买盘
09:35:30,60.31,0.01,305,1839895,中性盘
09:35:33,60.3,-0.01,162,976846,卖盘
09:35:37,60.31,0.01,423,2551185,买盘
09:35:40,60.31,0.0,380,2292866,卖盘
09:35:42,60.31,0.0,490,2955580,卖盘
09:35:46,60.31,0.0,473,2851273,买盘
09:35:48,60.3,-0.01,229,1380713,卖盘
09:35:52,60.3,0.0,422,2543574,买盘
09:35:54,60.25,-0.05,523,3150861,中性盘
09:35:58,60.2,-0.05,526,3167642,卖盘
09:36:01,60.25,0.05,276,1662623,中性盘
09:36:05,60.25,0.0,540,3251647,中性盘
09:36:07,60.22,-0.03,405,2439080,卖盘
09:36:10,60.19,-0.03,285,1715932,卖盘
09:36:12,60.23,0.04,762,4587079,买盘
09:36:15,60.23,0.0,322,1939504,卖盘
09:36:19,60.23,0.0,281,1692345,卖盘
09:36:22,60.25,0.02,427,2572710,买盘
09:36:25,60.25,0.0,593,3572856,卖盘
09:36:27,60.25,0.0,525,3163735,卖盘
09:36:31,60.29,0.04,297,1790030,买盘
09:36:33,60.27,-0.02,558,3360269,卖盘
09:36:37,60.27,0.0,1081,6515256,卖盘
09:36:40,60.29,0.02,227,1368038,买盘
09:36:42,60.27,-0.02,537,3235393,卖盘
09:36:45,60.27,0.0,645,3884503,买盘
09:36:49,60.29,0.02,890,5360071,买盘
09:36:51,60.27,-0.02,153,922207,卖盘
09:36:54,60.26,-0.01,523,3150258,卖盘
09:36:58,60.24,-0.02,606,3650649,卖盘
09:37:01,60.29,0.05,659,3968841,买盘
09:37:04,60.18,-0.11,1138,6848799,卖盘
09:37:06,60.19,0.01,663,3989355,买盘
09:37:10,60.15,-0.04,519,3124955,卖盘
09:37:13,60.18,0.03,1574,9468838,买盘
09:37:15,60.16,-0.02,452,2720625,中性盘
09:37:19,60.14,-0.02,220,1323172,卖盘
09:37:21,60.17,0.03,347,2087037,买盘
09:37:25,60.15,-0.02,969,5826798,卖盘
09:37:27,60.12,-0.03,546,3283889,卖盘
09:37:31,60.15,0.03,375,2254571,买盘
09:37:34,60.12,-0.03,334,2008209,卖盘
09:37:37,60.18,0.06,286,1720060,买盘
09:37:40,60.17,-0.01,295,1774556,卖盘
09:37:42,60.17,0.0,132,794060,中性盘
09:37:46,60.16,-0.01,223,1341913,卖盘
09:37:49,60.17,0.01,642,3864131,中性盘
09:37:51,60.16,-0.01,438,2635297,卖盘
09:37:54,60.16,0.0,415,2496575,买盘
09:37:58,60.15,-0.01,364,2189697,卖盘
09:38:01,60.17,0.02,232,1395584,买盘
09:38:04,60.13,-0.04,335,2014807,卖盘
09:38:06,60.15,0.02,571,3433543,买盘
09:38:09,60.14,-0.01,1070,6433680,中性盘
09:38:12,60.15,0.01,461,2772294,买盘
09:38:16,60.14,-0.01,258,1551597,卖盘
09:38:19,60.15,0.01,166,998423,卖盘
09:38:22,60.16,0.01,291,1750234,买盘
09:38:25,60.16,0.0,525,3157448,卖盘
09:38:28,60.16,0.0,204,1227241,卖盘
09:38:30,60.17,0.01,130,782292,中性盘
09:38:34,60.16,-0.01,320,1925438,卖盘
09:38:36,60.17,0.01,299,1799090,买盘
09:38:40,60.16,-0.01,735,4421495,卖盘
09:38:43,60.15,-0.01,659,3964364,卖盘
09:38:46,60.16,0.01,525,3158268,卖盘
09:38:49,60.17,0.01,674,4054285,买盘
09:38:52,60.16,-0.01,443,2664132,卖盘
09:38:55,60.17,0.01,258,1552040,买盘
09:38:57,60.16,-0.01,246,1480144,卖盘
09:39:00,60.18,0.02,331,1991214,买盘
09:39:05,60.18,0.0,220,1323976,卖盘
09:39:07,60.18,0.0,117,704056,卖盘
09:39:09,60.18,0.0,169,1016872,买盘
09:39:13,60.17,-0.01,625,3760406,卖盘
09:39:16,60.17,0.0,670,4030981,买盘
09:39:19,60.16,-0.01,755,4542268,卖盘
09:39:22,60.16,0.0,2659,15987193,买盘
09:39:24,60.12,-0.04,361,2170911,卖盘
09:39:28,60.09,-0.03,545,3275442,卖盘
09:39:30,60.09,0.0,347,2084879,买盘
09:39:34,60.07,-0.02,209,1255492,卖盘
09:39:37,60.07,0.0,213,1279296,买盘
09:39:39,60.08,0.01,760,4569184,买盘
09:39:43,60.06,-0.02,345,2067131,卖盘
09:39:46,60.07,0.01,219,1314899,买盘
09:39:48,60.05,-0.02,524,3145440,卖盘
09:39:51,60.05,0.0,2080,12487482,买盘
09:39:54,60.06,0.01,641,3843744,买盘
09:39:57,60.07,0.01,791,4756064,买盘
09:40:01,60.08,0.01,504,3027110,买盘
09:40:04,60.06,-0.02,477,2864543,卖盘
09:40:07,60.08,0.02,782,4696045,买盘
09:40:09,60.06,-0.02,371,2228444,中性盘
09:40:13,60.03,-0.03,516,3098631,卖盘
09:40:15,60.07,0.04,402,2414236,买盘
09:40:19,60.08,0.01,144,863972,买盘
09:40:22,60.05,-0.03,269,1616444,卖盘
09:40:25,60.07,0.02,307,1843664,买盘
09:40:28,60.04,-0.03,781,4689375,卖盘
09:40:31,60.04,0.0,584,3506530,卖盘
09:40:34,60.04,0.0,431,2587758,买盘
09:40:36,60.05,0.01,2209,13257425,买盘
09:40:39,60.06,0.01,399,2394996,买盘
09:40:43,60.05,-0.01,199,1195021,卖盘
09:40:45,60.06,0.01,272,1632128,买盘
09:40:49,60.05,-0.01,268,1609438,中性盘
09:40:51,60.07,0.02,470,2822463,中性盘
09:40:55,60.07,0.0,636,3817860,卖盘
09:40:57,60.08,0.01,192,1155812,卖盘
09:41:00,60.09,0.01,226,1357722,买盘
09:41:05,60.09,0.0,486,2920369,中性盘
09:41:07,60.08,-0.01,419,2516595,卖盘
09:41:10,60.08,0.0,158,949273,卖盘
09:41:12,60.07,-0.01,333,2000695,卖盘
09:41:15,60.08,0.01,296,1778450,买盘
09:41:19,60.07,-0.01,310,1862134,卖盘
09:41:21,60.07,0.0,195,1171314,买盘
09:41:25,60.06,-0.01,305,1832013,卖盘
09:41:27,60.06,0.0,1222,7338274,卖盘
09:41:31,60.07,0.01,426,2560861,买盘
09:41:34,60.08,0.01,453,2720816,买盘
09:41:37,60.05,-0.03,998,5991962,卖盘
09:41:40,60.05,0.0,676,4058882,买盘
09:41:43,60.03,-0.02,735,4413007,卖盘
09:41:46,60.04,0.01,407,2443835,中性盘
09:41:48,60.03,-0.01,336,2013799,卖盘
09:41:51,60.05,0.02,386,2317961,卖盘
09:41:55,60.04,-0.01,454,2726262,卖盘
09:41:57,60.03,-0.01,422,2536980,卖盘
09:42:00,60.03,0.0,272,1633211,买盘
09:42:04,60.05,0.02,268,1609028,买盘
09:42:06,60.03,-0.02,622,3733887,卖盘
09:42:10,60.02,-0.01,1093,6559547,卖盘
09:42:12,60.05,0.03,343,2059226,买盘
09:42:15,60.06,0.01,418,2510244,买盘
09:42:18,60.05,-0.01,1030,6184213,卖盘
09:42:22,60.05,0.0,589,3535921,买盘
09:42:25,60.05,0.0,334,2005272,买盘
09:42:28,60.05,0.0,573,3438267,买盘
09:42:31,60.05,0.0,601,3608085,买盘
09:42:34,60.07,0.02,335,2012127,买盘
09:42:36,60.07,0.0,1694,10177254,买盘
09:42:39,60.06,-0.01,781,4696036,卖盘
09:42:42,60.15,0.09,270,1623736,买盘
09:42:46,60.06,-0.09,254,1526377,卖盘
09:42:49,60.17,0.11,925,5554721,买盘
09:42:52,60.14,-0.03,341,2050920,中性盘
09:42:55,60.14,0.0,541,3253819,卖盘
09:42:58,60.13,-0.01,119,715317,卖盘
09:43:01,60.14,0.01,278,1671211,买盘
09:43:04,60.09,-0.05,212,1274046,卖盘
09:43:07,60.18,0.09,584,3511721,买盘
09:43:10,60.1,-0.08,643,3865731,卖盘
09:43:13,60.15,0.05,123,740142,中性盘
09:43:16,60.11,-0.04,259,1557408,卖盘
09:43:19,60.1,-0.01,635,3817537,卖盘
09:43:22,60.14,0.04,121,727677,卖盘
09:43:24,60.14,0.0,165,992516,买盘
09:43:27,60.15,0.01,414,2488283,买盘
09:43:30,60.14,-0.01,120,721756,卖盘
09:43:34,60.14,0.0,453,2724805,卖盘
09:43:37,60.15,0.01,161,968593,中性盘
09:43:40,60.18,0.03,233,1404471,买盘
09:43:43,60.16,-0.02,166,998889,卖盘
09:43:45,60.16,0.0,395,2376086,买盘
09:43:49,60.15,-0.01,723,4346643,卖盘
09:43:51,60.18,0.03,603,3628567,买盘
09:43:55,60.16,-0.02,257,1546281,卖盘
09:43:57,60.17,0.01,115,691869,中性盘
09:44:00,60.16,-0.01,428,2574744,卖盘
09:44:05,60.17,0.01,150,902558,买盘
09:44:07,60.18,0.01,77,463375,卖盘
09:44:09,60.17,-0.01,132,794293,卖盘
09:44:13,60.19,0.02,239,1438159,买盘
09:44:16,60.18,-0.01,497,2990828,卖盘
09:44:19,60.17,-0.01,411,2473556,卖盘
09:44:22,60.19,0.02,892,5365539,买盘
09:44:25,60.19,0.0,215,1293958,买盘
09:44:27,60.19,0.0,357,2148569,买盘
09:44:31,60.19,0.0,360,2166847,卖盘
09:44:33,60.18,-0.01,946,5693081,卖盘
09:44:37,60.19,0.01,509,3064177,买盘
09:44:39,60.17,-0.02,1360,8182420,卖盘
09:44:43,60.18,0.01,798,4801195,买盘
09:44:46,60.13,-0.05,356,2140960,卖盘
09:44:49,60.12,-0.01,409,2459022,卖盘
09:44:52,60.18,0.06,451,2710928,买盘
09:44:55,60.16,-0.02,276,1659965,卖盘
09:44:58,60.16,0.0,206,1239152,买盘
09:45:01,60.16,0.0,140,842140,买盘
09:45:05,60.14,-0.02,259,1558052,卖盘
09:45:07,60.11,-0.03,683,4106024,卖盘
09:45:09,60.08,-0.03,2021,12144827,卖盘
09:45:13,60.1,0.02,988,5934992,买盘
09:45:16,60.1,0.0,599,3598728,买盘
09:45:19,60.06,-0.04,439,2636932,卖盘
09:45:21,60.1,0.04,1623,9748313,买盘
09:45:25,60.06,-0.04,207,1243162,中性盘
09:45:28,60.09,0.03,160,961353,买盘
09:45:31,60.05,-0.04,865,5196440,卖盘
09:45:34,60.08,0.03,761,4569256,买盘
09:45:37,60.09,0.01,272,1633569,买盘
09:45:40,60.1,0.01,122,733051,买盘
09:45:42,60.09,-0.01,183,1099660,卖盘
09:45:45,60.12,0.03,953,5726850,买盘
09:45:49,60.08,-0.04,455,2734247,卖盘
09:45:52,60.08,0.0,170,1021326,卖盘
09:45:55,60.08,0.0,271,1628130,买盘
09:45:58,60.08,0.0,165,991182,买盘
09:46:00,60.08,0.0,827,4966811,买盘
09:46:04,60.08,0.0,215,1291725,卖盘
09:46:07,60.09,0.01,225,1350639,买盘
09:46:10,60.08,-0.01,182,1093352,中性盘
09:46:13,60.06,-0.02,196,1177452,卖盘
09:46:16,60.07,0.01,324,1946036,买盘
09:46:19,60.06,-0.01,180,1081389,卖盘
09:46:22,60.06,0.0,282,1694057,卖盘
09:46:24,60.06,0.0,272,1633797,卖盘
09:46:28,60.06,0.0,1423,8543736,卖盘
09:46:30,60.08,0.02,246,1477625,买盘
09:46:34,60.08,0.0,235,1411823,卖盘
09:46:37,60.08,0.0,91,546592,买盘
09:46:40,60.08,0.0,85,510621,买盘
09:46:42,60.09,0.01,289,1736317,买盘
09:46:46,60.1,0.01,72,432560,买盘
09:46:49,60.06,-0.04,404,2426861,卖盘
09:46:52,60.09,0.03,187,1123424,买盘
09:46:55,60.08,-0.01,106,636829,卖盘
09:46:57,60.08,0.0,262,1573783,买盘
09:47:01,60.06,-0.02,187,1123248,卖盘
09:47:04,60.07,0.01,3541,21261170,中性盘
09:47:06,60.04,-0.03,183,1098925,卖盘
09:47:10,60.08,0.04,304,1825478,买盘
09:47:13,60.06,-0.02,397,2383326,买盘
09:47:15,60.08,0.02,58,348275,买盘
09:47:19,60.07,-0.01,60,360354,中性盘
09:47:22,60.05,-0.02,158,948684,卖盘
09:47:24,60.07,0.02,542,3254835,买盘
09:47:27,60.05,-0.02,403,2419545,卖盘
09:47:31,60.05,0.0,99,594602,卖盘
09:47:33,60.07,0.02,275,1651146,买盘
09:47:37,60.06,-0.01,70,420413,中性盘
09:47:39,60.05,-0.01,66,396400,卖盘
09:47:43,60.06,0.01,126,756706,卖盘
09:47:45,60.06,0.0,174,1044931,买盘
09:47:49,60.06,0.0,245,1471471,买盘
09:47:51,60.07,0.01,183,1099167,买盘
09:47:55,60.06,-0.01,112,672618,卖盘
09:47:57,60.05,-0.01,410,2462130,卖盘
09:48:00,60.05,0.0,348,2089503,买盘
09:48:05,60.06,0.01,368,2209892,买盘
09:48:07,60.05,-0.01,70,420369,卖盘
09:48:10,60.03,-0.02,340,2041321,卖盘
09:48:12,60.05,0.02,115,690505,买盘
09:48:16,60.05,0.0,399,2395059,买盘
09:48:19,60.05,0.0,296,1777395,买盘
09:48:22,60.05,0.0,336,2016980,买盘
09:48:25,60.04,-0.01,166,996577,买盘
09:48:27,60.03,-0.01,248,1489023,卖盘
09:48:31,60.05,0.02,496,2977429,买盘
09:48:34,60.05,0.0,296,1777398,买盘
09:48:36,60.04,-0.01,114,684474,卖盘
09:48:39,60.04,0.0,305,1831078,买盘
09:48:42,60.03,-0.01,279,1674929,卖盘
09:48:45,60.03,0.0,353,2116853,卖盘
09:48:48,60.04,0.01,505,3031302,买盘
09:48:51,60.03,-0.01,319,1915266,卖盘
09:48:54,60.03,0.0,358,2149534,卖盘
09:48:58,60.03,0.0,254,1524923,卖盘
09:49:00,60.03,0.0,282,1692725,买盘
09:49:04,60.03,0.0,344,2064879,卖盘
09:49:07,60.04,0.01,149,894504,中性盘
09:49:09,60.05,0.01,244,1464987,买盘
09:49:12,60.04,-0.01,122,732447,卖盘
09:49:16,60.05,0.01,215,1290906,买盘
09:49:18,60.04,-0.01,238,1428876,卖盘
09:49:21,60.05,0.01,250,1501059,买盘
09:49:25,60.05,0.0,210,1260935,买盘
09:49:27,60.05,0.0,246,1477005,卖盘
09:49:30,60.06,0.01,78,468385,买盘
09:49:33,60.05,-0.01,201,1206794,卖盘
09:49:37,60.06,0.01,191,1146876,买盘
09:49:40,60.05,-0.01,226,1356889,卖盘
09:49:43,60.05,0.0,117,702523,卖盘
09:49:46,60.05,0.0,258,1549272,买盘
09:49:49,60.05,0.0,75,450345,买盘
09:49:52,60.05,0.0,183,1098740,买盘
09:49:54,60.05,0.0,135,810534,买盘
09:49:58,60.03,-0.02,113,678480,卖盘
09:50:00,60.04,0.01,132,792462,买盘
09:50:05,60.03,-0.01,262,1572873,卖盘
09:50:07,60.02,-0.01,862,5174282,卖盘
09:50:10,60.03,0.01,367,2202846,买盘
09:50:13,60.03,0.0,338,2028739,买盘
09:50:15,60.03,0.0,104,624283,卖盘
09:50:19,60.02,-0.01,400,2401679,卖盘
09:50:22,60.03,0.01,94,564218,买盘
09:50:25,60.03,0.0,268,1608612,买盘
09:50:28,60.01,-0.02,2912,17472477,卖盘
09:50:30,60.01,0.0,592,3552098,买盘
09:50:33,60.01,0.0,833,4998064,买盘
09:50:37,60.0,-0.01,295,1770071,卖盘
09:50:39,60.0,0.0,3058,18348087,卖盘
09:50:43,60.0,0.0,1669,10014129,卖盘
09:50:46,60.01,0.01,705,4230101,买盘
09:50:48,60.01,0.0,336,2016089,买盘
09:50:52,60.0,-0.01,812,4872538,卖盘
09:50:55,60.01,0.01,550,3303558,买盘
09:50:57,60.01,0.0,334,2004067,买盘
09:51:00,60.0,-0.01,379,2274254,卖盘
09:51:05,60.0,0.0,183,1098085,卖盘
09:51:07,60.0,0.0,321,1926172,卖盘
09:51:10,60.01,0.01,193,1158100,买盘
09:51:13,60.0,-0.01,174,1044104,卖盘
09:51:16,60.0,0.0,457,2742336,卖盘
09:51:18,60.02,0.02,320,1920336,买盘
09:51:21,60.01,-0.01,606,3636709,卖盘
09:51:25,60.02,0.01,319,1914427,中性盘
09:51:27,60.01,-0.01,290,1740330,卖盘
09:51:31,60.0,-0.01,205,1230248,卖盘
09:51:34,60.0,0.0,595,3570103,卖盘
09:51:37,60.0,0.0,1009,6054211,卖盘
09:51:39,60.01,0.01,254,1524121,买盘
09:51:43,60.02,0.01,339,2034408,中性盘
09:51:45,60.03,0.01,261,1566537,买盘
09:51:49,60.03,0.0,249,1494401,卖盘
09:51:51,60.02,-0.01,86,516184,中性盘
09:51:55,60.03,0.01,154,924435,买盘
09:51:58,60.03,0.0,97,582279,卖盘
09:52:01,60.02,-0.01,160,960368,卖盘
09:52:05,60.03,0.01,163,978344,买盘
09:52:07,60.02,-0.01,278,1668411,卖盘
09:52:10,60.01,-0.01,126,756165,卖盘
09:52:13,60.02,0.01,260,1560388,买盘
09:52:16,60.01,-0.01,243,1458791,卖盘
09:52:18,60.03,0.02,334,2004398,买盘
09:52:22,60.01,-0.02,217,1302527,卖盘
09:52:25,60.01,0.0,2162,12972443,卖盘
09:52:28,60.02,0.01,475,2850884,中性盘
09:52:31,60.0,-0.02,517,3102262,卖盘
09:52:34,60.01,0.01,119,714130,中性盘
09:52:37,60.03,0.02,407,2442325,买盘
09:52:40,60.02,-0.01,226,1356781,卖盘
09:52:43,60.0,-0.02,177,1062267,卖盘
09:52:45,60.02,0.02,170,1020134,买盘
09:52:49,60.0,-0.02,179,1074230,卖盘
09:52:51,60.01,0.01,312,1872874,中性盘
09:52:55,60.0,-0.01,452,2712227,卖盘
09:52:58,60.02,0.02,73,438109,买盘
09:53:01,60.02,0.0,186,1116208,买盘
09:53:05,60.0,-0.02,218,1308178,卖盘
09:53:07,60.02,0.02,231,1386380,买盘
09:53:09,60.01,-0.01,173,1038262,卖盘
09:53:13,60.01,0.0,229,1372514,卖盘
09:53:15,60.0,-0.01,1108,6648261,卖盘
09:53:18,60.01,0.01,296,1776243,买盘
09:53:22,60.01,0.0,405,2430143,卖盘
09:53:25,60.02,0.01,264,1584324,买盘
09:53:28,60.03,0.01,196,1176239,买盘
09:53:31,60.01,-0.02,123,738196,卖盘
09:53:34,60.03,0.02,110,660241,买盘
09:53:37,60.02,-0.01,84,504142,中性盘
09:53:39,60.02,0.0,231,1386282,买盘
09:53:42,60.01,-0.01,314,1884317,卖盘
09:53:46,60.02,0.01,281,1686302,买盘
09:53:48,60.03,0.01,272,1632352,买盘
09:53:52,60.02,-0.01,164,984092,卖盘
09:53:55,60.02,0.0,154,924138,买盘
09:53:58,60.02,0.0,211,1266374,卖盘
09:54:01,60.01,-0.01,98,588195,卖盘
09:54:04,60.02,0.01,249,1494679,卖盘
09:54:07,60.02,0.0,163,978281,买盘
09:54:09,60.02,0.0,183,1098275,买盘
09:54:13,60.01,-0.01,141,846188,卖盘
09:54:16,60.01,0.0,491,2946638,卖盘
09:54:19,60.02,0.01,213,1278249,卖盘
09:54:22,60.03,0.01,192,1152256,买盘
09:54:24,60.02,-0.01,222,1332447,卖盘
09:54:27,60.02,0.0,183,1098348,买盘
09:54:31,60.03,0.01,189,1134320,买盘
09:54:34,60.03,0.0,217,1302344,中性盘
09:54:37,60.03,0.0,137,822293,卖盘
09:54:40,60.03,0.0,97,582237,买盘
09:54:43,60.03,0.0,101,606243,买盘
09:54:46,60.02,-0.01,309,1854684,卖盘
09:54:48,60.04,0.02,119,714340,买盘
09:54:51,60.01,-0.03,393,2358463,卖盘
09:54:55,60.01,0.0,292,1752213,买盘
09:54:57,60.03,0.02,276,1656261,买盘
09:55:01,60.01,-0.02,85,510108,卖盘
09:55:04,60.03,0.02,40,240102,中性盘
09:55:07,60.03,0.0,47,282114,买盘
09:55:09,60.01,-0.02,403,2418425,卖盘
09:55:13,60.02,0.01,225,1350338,买盘
09:55:15,60.0,-0.02,776,4656204,卖盘
09:55:18,60.01,0.01,202,1212210,买盘
09:55:21,60.01,0.0,152,912196,卖盘
09:55:24,60.01,0.0,179,1074195,买盘
09:55:27,60.01,0.0,326,1956184,卖盘
09:55:31,60.01,0.0,180,1080317,买盘
09:55:33,60.01,0.0,2344,14064769,卖盘
09:55:37,60.01,0.0,2341,14046294,卖盘
09:55:40,60.01,0.0,311,1866117,卖盘
09:55:43,60.01,0.0,253,1518320,卖盘
09:55:46,60.01,0.0,191,1146164,卖盘
09:55:48,60.01,0.0,307,1842181,卖盘
09:55:52,60.02,0.01,156,936198,买盘
09:55:54,60.02,0.0,168,1008199,买盘
09:55:57,60.01,-0.01,179,1074175,卖盘
09:56:00,60.01,0.0,273,1638039,买盘
09:56:05,60.02,0.01,276,1656242,买盘
09:56:07,60.0,-0.02,690,4140626,卖盘
09:56:09,60.02,0.02,144,864084,买盘
09:56:13,60.0,-0.02,118,708089,卖盘
09:56:16,60.01,0.01,183,1098092,买盘
09:56:18,60.01,0.0,635,3810296,买盘
09:56:22,60.01,0.0,715,4290439,卖盘
09:56:24,60.0,-0.01,252,1512016,卖盘
09:56:28,60.0,0.0,407,2442099,卖盘
09:56:30,60.01,0.01,254,1524046,买盘
09:56:33,60.01,0.0,200,1200031,买盘
09:56:37,60.0,-0.01,114,681339,卖盘
09:56:39,60.0,0.0,2083,12495746,买盘
09:56:43,59.99,-0.01,348,2087445,卖盘
09:56:45,59.98,-0.01,959,5752062,卖盘
09:56:49,59.98,0.0,451,2704714,买盘
09:56:51,59.96,-0.02,1322,7926445,卖盘
09:56:54,59.93,-0.03,2485,14902076,卖盘
09:56:57,59.95,0.02,253,1516191,买盘
09:57:00,59.95,0.0,430,2576673,买盘
09:57:05,59.92,-0.03,232,1390352,卖盘
09:57:07,59.93,0.01,141,844957,中性盘
09:57:10,59.92,-0.01,150,898773,中性盘
09:57:13,59.93,0.01,80,479404,卖盘
09:57:16,59.91,-0.02,99,593201,卖盘
09:57:18,59.92,0.01,130,778972,买盘
09:57:22,59.92,0.0,296,1773502,买盘
09:57:24,59.91,-0.01,386,2312598,卖盘
09:57:27,59.91,0.0,863,5170480,卖盘
09:57:30,59.92,0.01,224,1342042,中性盘
09:57:34,59.92,0.0,307,1839385,中性盘
09:57:37,59.92,0.0,3490,20905603,买盘
09:57:40,59.91,-0.01,387,2318342,买盘
09:57:43,59.92,0.01,287,1719257,买盘
09:57:46,59.91,-0.01,290,1737177,卖盘
09:57:48,59.91,0.0,261,1563490,买盘
09:57:51,59.91,0.0,641,3839685,买盘
09:57:55,59.9,-0.01,162,970388,中性盘
09:57:57,59.91,0.01,296,1772947,买盘
09:58:00,59.89,-0.02,134,802632,卖盘
09:58:04,59.9,0.01,279,1671130,买盘
09:58:07,59.91,0.01,395,2366195,买盘
09:58:09,59.9,-0.01,253,1515426,卖盘
09:58:12,59.9,0.0,137,820587,买盘
09:58:15,59.9,0.0,216,1293863,卖盘
09:58:19,59.91,0.01,531,3180957,买盘
09:58:22,59.9,-0.01,322,1928827,卖盘
09:58:24,59.91,0.01,295,1767046,买盘
09:58:28,59.91,0.0,207,1239956,买盘
09:58:31,59.9,-0.01,228,1365818,卖盘
09:58:34,59.9,0.0,256,1533503,卖盘
09:58:37,59.91,0.01,428,2563893,买盘
09:58:40,59.91,0.0,414,2480011,买盘
09:58:43,59.92,0.01,381,2285062,买盘
09:58:46,59.91,-0.01,115,689007,中性盘
09:58:49,59.91,0.0,98,587108,卖盘
09:58:52,59.92,0.01,265,1587539,卖盘
09:58:55,59.92,0.0,161,964646,卖盘
09:58:57,59.92,0.0,319,1911339,卖盘
09:59:01,59.93,0.01,2417,14475070,买盘
09:59:04,59.93,0.0,220,1318012,买盘
09:59:07,59.92,-0.01,197,1180423,卖盘
09:59:10,59.93,0.01,107,641138,买盘
09:59:12,59.92,-0.01,128,767010,卖盘
09:59:16,59.91,-0.01,190,1138480,卖盘
09:59:19,59.92,0.01,750,4493038,卖盘
09:59:22,59.92,0.0,152,910769,卖盘
09:59:24,59.92,0.0,371,2223076,卖盘
09:59:27,59.94,0.02,147,880913,买盘
09:59:31,59.92,-0.02,294,1761814,卖盘
09:59:33,59.93,0.01,232,1390042,中性盘
09:59:37,59.93,0.0,390,2336979,卖盘
09:59:40,59.94,0.01,112,671178,买盘
09:59:42,59.94,0.0,42,251731,买盘
09:59:46,59.94,0.0,253,1516441,卖盘
09:59:48,59.94,0.0,96,575400,买盘
09:59:52,59.94,0.0,78,467546,买盘
09:59:54,59.93,-0.01,343,2055463,卖盘
09:59:58,59.93,0.0,135,809012,买盘
10:00:00,59.92,-0.01,96,575234,卖盘
10:00:04,60.0,0.08,3201,19197392,买盘
10:00:06,60.0,0.0,1610,9660010,卖盘
10:00:09,60.0,0.0,392,2352007,卖盘
10:00:12,59.98,-0.02,964,5786551,卖盘
10:00:16,60.0,0.02,264,1584934,买盘
10:00:19,60.0,0.0,408,2445796,买盘
10:00:22,60.0,0.0,304,1823655,买盘
10:00:24,60.0,0.0,275,1648667,买盘
10:00:28,60.0,0.0,128,767512,买盘
10:00:31,60.0,0.0,241,1444964,买盘
10:00:34,59.96,-0.04,641,3843582,卖盘
10:00:37,59.95,-0.01,159,953285,卖盘
10:00:40,59.96,0.01,136,815264,买盘
10:00:43,59.94,-0.02,584,3500259,卖盘
10:00:46,59.96,0.02,106,635583,卖盘
10:00:49,59.95,-0.01,195,1169062,卖盘
10:00:52,59.95,0.0,88,527701,卖盘
10:00:55,60.0,0.05,264,1583548,买盘
10:00:58,59.99,-0.01,275,1649775,卖盘
10:01:00,59.98,-0.01,80,479856,卖盘
10:01:04,59.98,0.0,57,341824,买盘
10:01:07,59.96,-0.02,381,2284194,卖盘
10:01:10,59.97,0.01,373,2237566,中性盘
10:01:13,59.97,0.0,108,647671,卖盘
10:01:16,59.96,-0.01,306,1834776,卖盘
10:01:19,59.97,0.01,61,365779,买盘
10:01:21,59.97,0.0,150,899397,买盘
10:01:24,59.96,-0.01,30,179890,卖盘
10:01:28,59.97,0.01,155,929452,买盘
10:01:30,59.96,-0.01,182,1091316,卖盘
10:01:34,59.96,0.0,224,1342935,买盘
10:01:36,59.95,-0.01,220,1318997,卖盘
10:01:40,59.96,0.01,670,4016129,买盘
10:01:43,59.97,0.01,211,1264741,买盘
10:01:45,59.98,0.01,153,917497,买盘
10:01:48,59.96,-0.02,152,911674,卖盘
10:01:51,59.99,0.03,23,137970,买盘
10:01:55,59.97,-0.02,79,473822,卖盘
10:01:58,59.97,0.0,71,425876,卖盘
10:02:01,59.98,0.01,88,527726,买盘
10:02:04,59.97,-0.01,298,1786668,中性盘
10:02:07,59.96,-0.01,140,839710,卖盘
10:02:10,59.98,0.02,66,395893,中性盘
10:02:12,59.98,0.0,6,35988,卖盘
10:02:16,59.99,0.01,175,1049459,买盘
10:02:19,60.0,0.01,55,329942,买盘
10:02:22,59.99,-0.01,65,389939,卖盘
10:02:25,59.99,0.0,55,329957,卖盘
10:02:28,59.99,0.0,151,905864,卖盘
10:02:30,59.99,0.0,111,665860,卖盘
10:02:34,59.99,0.0,374,2243936,卖盘
10:02:36,60.0,0.01,449,2691812,买盘
10:02:39,60.01,0.01,350,2100115,买盘
10:02:42,59.99,-0.02,106,635942,卖盘
10:02:45,60.0,0.01,121,725902,买盘
10:02:48,60.0,0.0,276,1655820,买盘
10:02:52,60.0,0.0,143,858109,卖盘
10:02:54,60.01,0.01,91,546089,中性盘
10:02:58,60.01,0.0,140,840052,卖盘
10:03:00,60.01,0.0,256,1536265,卖盘
10:03:04,60.0,-0.01,110,660014,卖盘
10:03:07,60.02,0.02,71,426061,买盘
10:03:10,60.02,0.0,113,678208,买盘
10:03:12,60.02,0.0,2,12004,卖盘
10:03:16,60.03,0.01,203,1218431,买盘
10:03:18,60.03,0.0,171,1026674,卖盘
10:03:21,60.04,0.01,44,264184,买盘
10:03:24,60.05,0.01,130,780543,买盘
10:03:28,60.04,-0.01,59,354263,卖盘
10:03:30,60.04,0.0,139,834655,卖盘
10:03:34,60.05,0.01,57,342260,买盘
10:03:37,60.04,-0.01,112,672516,卖盘
10:03:40,60.05,0.01,266,1597387,买盘
10:03:43,60.05,0.0,105,630557,卖盘
10:03:46,60.06,0.01,228,1371429,买盘
10:03:49,60.06,0.0,7,42044,卖盘
10:03:52,60.06,0.0,59,354359,卖盘
10:03:55,60.08,0.02,330,1982119,买盘
10:03:58,60.08,0.0,56,336419,买盘
10:04:01,60.08,0.0,26,156201,卖盘
10:04:04,60.08,0.0,67,402559,卖盘
10:04:07,60.08,0.0,22,132182,卖盘
10:04:09,60.09,0.01,181,1087554,买盘
10:04:13,60.09,0.0,100,600849,买盘
10:04:15,60.1,0.01,136,817344,买盘
10:04:18,60.09,-0.01,519,3118978,卖盘
10:04:21,60.12,0.03,91,547023,买盘
10:04:25,60.11,-0.01,30,180373,卖盘
10:04:28,60.11,0.0,50,300557,卖盘
10:04:31,60.13,0.02,45,270562,买盘
10:04:34,60.14,0.01,48,288633,中性盘
10:04:37,60.14,0.0,92,553257,买盘
10:04:40,60.15,0.01,103,619455,买盘
10:04:42,60.15,0.0,33,198486,买盘
10:04:45,60.15,0.0,363,2183394,买盘
10:04:49,60.15,0.0,149,896250,卖盘
10:04:52,60.16,0.01,29,174461,买盘
10:04:54,60.16,0.0,209,1257220,买盘
10:04:58,60.16,0.0,176,1058634,买盘
10:05:00,60.15,-0.01,117,703842,卖盘
10:05:04,60.17,0.02,50,300833,买盘
10:05:07,60.17,0.0,58,348938,买盘
10:05:10,60.17,0.0,45,270751,买盘
10:05:12,60.17,0.0,32,192543,买盘
10:05:15,60.18,0.01,86,517525,买盘
10:05:19,60.19,0.01,146,878580,买盘
10:05:21,60.18,-0.01,226,1360079,卖盘
10:05:25,60.18,0.0,112,673985,买盘
10:05:27,60.19,0.01,441,2654588,买盘
10:05:31,60.18,-0.01,76,457399,卖盘
10:05:34,60.18,0.0,28,168533,卖盘
10:05:36,60.2,0.02,27,162535,买盘
10:05:39,60.19,-0.01,163,981242,卖盘
10:05:43,60.2,0.01,81,487606,卖盘
10:05:45,60.22,0.02,49,295011,买盘
10:05:48,60.22,0.0,134,806950,卖盘
10:05:51,60.23,0.01,41,246915,买盘
10:05:55,60.21,-0.02,144,867222,卖盘
10:05:58,60.23,0.02,137,825138,买盘
10:06:00,60.23,0.0,62,373395,卖盘
10:06:04,60.24,0.01,290,1746290,买盘
10:06:07,60.24,0.0,130,783098,买盘
10:06:10,60.25,0.01,48,289166,买盘
10:06:13,60.25,0.0,23,138563,买盘
10:06:16,60.25,0.0,65,391611,买盘
10:06:18,60.25,0.0,212,1277277,买盘
10:06:21,60.25,0.0,185,1114526,中性盘
10:06:24,60.25,0.0,181,1090537,卖盘
10:06:28,60.25,0.0,80,482031,卖盘
10:06:31,60.25,0.0,176,1060458,卖盘
10:06:34,60.25,0.0,200,1204998,卖盘
10:06:37,60.26,0.01,156,939901,买盘
10:06:40,60.26,0.0,256,1542340,买盘
10:06:43,60.26,0.0,56,337429,卖盘
10:06:46,60.27,0.01,44,265149,买盘
10:06:49,60.27,0.0,215,1295774,买盘
10:06:52,60.27,0.0,82,494193,买盘
10:06:54,60.26,-0.01,58,344852,卖盘
10:06:58,60.26,0.0,129,777477,卖盘
10:07:01,60.26,0.0,103,620724,卖盘
10:07:05,60.27,0.01,120,723242,买盘
10:07:07,60.27,0.0,91,548431,买盘
10:07:10,60.27,0.0,26,156707,卖盘
10:07:12,60.28,0.01,41,247134,买盘
10:07:16,60.28,0.0,77,464121,买盘
10:07:19,60.28,0.0,257,1548952,买盘
10:07:22,60.28,0.0,56,337581,卖盘
10:07:25,60.29,0.01,110,663094,买盘
10:07:28,60.29,0.0,139,837950,买盘
10:07:31,60.29,0.0,87,524506,买盘
10:07:34,60.29,0.0,30,180874,卖盘
10:07:36,60.27,-0.02,416,2507642,卖盘
10:07:39,60.27,0.0,126,759370,买盘
10:07:42,60.29,0.02,84,506333,买盘
10:07:45,60.27,-0.02,37,223020,卖盘
10:07:49,60.29,0.02,262,1579389,买盘
10:07:52,60.28,-0.01,30,180818,中性盘
10:07:54,60.28,0.0,22,132621,卖盘
10:07:58,60.29,0.01,47,283344,买盘
10:08:01,60.28,-0.01,197,1187548,卖盘
10:08:05,60.29,0.01,82,494288,买盘
10:08:07,60.28,-0.01,135,813883,卖盘
10:08:10,60.29,0.01,31,186882,买盘
10:08:12,60.29,0.0,152,916442,卖盘
10:08:16,60.29,0.0,256,1543286,卖盘
10:08:19,60.29,0.0,256,1543114,买盘
10:08:22,60.3,0.01,123,741552,买盘
10:08:24,60.29,-0.01,78,470227,买盘
10:08:27,60.29,0.0,77,464161,买盘
10:08:31,60.29,0.0,73,440083,买盘
10:08:33,60.28,-0.01,151,910323,卖盘
10:08:37,60.26,-0.02,205,1235665,卖盘
10:08:40,60.28,0.02,131,789600,中性盘
10:08:43,60.28,0.0,30,180813,买盘
10:08:46,60.26,-0.02,184,1108852,卖盘
10:08:48,60.28,0.02,110,663026,买盘
10:08:51,60.28,0.0,46,277267,买盘
10:08:55,60.28,0.0,140,843821,买盘
10:08:57,60.26,-0.02,76,458066,卖盘
10:09:01,60.28,0.02,50,301376,买盘
10:09:04,60.28,0.0,192,1157488,买盘
10:09:07,60.27,-0.01,59,355550,买盘
10:09:10,60.26,-0.01,217,1307808,卖盘
10:09:13,60.25,-0.01,422,2542597,卖盘
10:09:16,60.26,0.01,148,891714,买盘
10:09:19,60.26,0.0,189,1139116,中性盘
10:09:21,60.27,0.01,79,476074,卖盘
10:09:24,60.26,-0.01,48,289261,卖盘
10:09:28,60.26,0.0,206,1245944,卖盘
10:09:30,60.26,0.0,199,1198989,买盘
10:09:34,60.26,0.0,74,445846,买盘
10:09:36,60.25,-0.01,57,343432,卖盘
10:09:40,60.25,0.0,79,475979,买盘
10:09:42,60.24,-0.01,72,433829,卖盘
10:09:46,60.23,-0.01,43,259038,卖盘
10:09:48,60.25,0.02,59,355403,买盘
10:09:52,60.25,0.0,22,132540,卖盘
10:09:54,60.25,0.0,124,746993,买盘
10:09:57,60.24,-0.01,278,1674738,卖盘
10:10:00,60.25,0.01,157,945807,买盘
10:10:04,60.25,0.0,217,1307230,买盘
10:10:07,60.23,-0.02,506,3047751,卖盘
10:10:09,60.2,-0.03,687,4135720,卖盘
10:10:13,60.2,0.0,109,656069,买盘
10:10:16,60.2,0.0,226,1360029,买盘
10:10:19,60.2,0.0,117,704253,买盘
10:10:22,60.2,0.0,131,788623,卖盘
10:10:25,60.2,0.0,86,517729,卖盘
10:10:27,60.2,0.0,118,710364,卖盘
10:10:30,60.2,0.0,72,433351,买盘
10:10:34,60.2,0.0,53,318988,买盘
10:10:37,60.18,-0.02,35,210635,卖盘
10:10:40,60.18,0.0,35,210635,卖盘
10:10:43,60.18,0.0,171,1029069,买盘
10:10:46,60.16,-0.02,105,631846,卖盘
10:10:49,60.18,0.02,74,445320,买盘
10:10:51,60.18,0.0,38,228687,卖盘
10:10:54,60.2,0.02,117,704199,买盘
10:10:58,60.18,-0.02,109,655989,卖盘
10:11:01,60.18,0.0,108,649966,卖盘
10:11:04,60.19,0.01,108,650003,买盘
10:11:07,60.18,-0.01,136,818583,卖盘
10:11:09,60.19,0.01,65,391181,中性盘
10:11:13,60.18,-0.01,88,529592,卖盘
10:11:16,60.18,0.0,130,782285,买盘
10:11:19,60.18,0.0,129,776294,买盘
10:11:22,60.18,0.0,34,204588,买盘
10:11:25,60.19,0.01,62,373117,买盘
10:11:27,60.18,-0.01,38,228665,卖盘
10:11:31,60.17,-0.01,63,379103,中性盘
10:11:33,60.18,0.01,51,306880,买盘
10:11:37,60.18,0.0,175,1052795,买盘
10:11:40,60.18,0.0,31,186538,买盘
10:11:42,60.18,0.0,179,1076869,买盘
10:11:46,60.18,0.0,131,788283,买盘
10:11:48,60.18,0.0,79,475326,买盘
10:11:51,60.18,0.0,73,439319,卖盘
10:11:55,60.18,0.0,103,619918,卖盘
10:11:57,60.19,0.01,245,1474849,中性盘
10:12:00,60.19,0.0,103,619922,卖盘
10:12:05,60.19,0.0,39,234710,买盘
10:12:06,60.2,0.01,331,1992361,买盘
10:12:10,60.18,-0.02,160,963238,卖盘
10:12:13,60.18,0.0,121,728041,卖盘
10:12:16,60.21,0.03,111,668544,中性盘
10:12:19,60.22,0.01,175,1053653,买盘
10:12:21,60.21,-0.01,49,294957,中性盘
10:12:25,60.22,0.01,24,144495,买盘
10:12:27,60.22,0.0,177,1065146,买盘
10:12:30,60.17,-0.05,21,126367,卖盘
10:12:34,60.2,0.03,41,246753,买盘
10:12:36,60.18,-0.02,46,276884,中性盘
10:12:39,60.18,0.0,55,330961,卖盘
10:12:43,60.18,0.0,59,355055,买盘
10:12:46,60.18,0.0,154,926705,买盘
10:12:49,60.19,0.01,129,776436,买盘
10:12:52,60.19,0.0,31,186570,卖盘
10:12:55,60.19,0.0,10,60185,中性盘
10:12:58,60.19,0.0,209,1258159,卖盘
10:13:01,60.19,0.0,130,782451,卖盘
10:13:04,60.19,0.0,185,1113418,买盘
10:13:07,60.19,0.0,59,355129,卖盘
10:13:10,60.18,-0.01,116,698174,卖盘
10:13:13,60.19,0.01,78,469497,买盘
10:13:15,60.19,0.0,660,3973163,卖盘
10:13:18,60.19,0.0,130,782419,买盘
10:13:21,60.18,-0.01,143,860688,卖盘
10:13:25,60.18,0.0,35,210641,中性盘
10:13:27,60.18,0.0,86,517574,卖盘
10:13:30,60.18,0.0,380,2286842,买盘
10:13:34,60.2,0.02,237,1423959,买盘
10:13:36,60.2,0.0,134,806633,卖盘
10:13:40,60.2,0.0,35,210700,卖盘
10:13:42,60.18,-0.02,101,607977,卖盘
10:13:45,60.19,0.01,49,294928,买盘
10:13:49,60.2,0.01,165,993274,买盘
10:13:52,60.21,0.01,112,674257,买盘
10:13:55,60.21,0.0,214,1288392,买盘
10:13:58,60.21,0.0,73,439537,卖盘
10:14:00,60.21,0.0,26,156551,卖盘
10:14:04,60.21,0.0,44,264913,买盘
10:14:07,60.21,0.0,68,409427,买盘
10:14:10,60.2,-0.01,34,204687,卖盘
10:14:13,60.21,0.01,67,403376,买盘
10:14:15,60.21,0.0,142,854968,买盘
10:14:18,60.21,0.0,71,427462,买盘
10:14:22,60.2,-0.01,269,1619702,卖盘
10:14:25,60.21,0.01,98,590109,中性盘
10:14:27,60.22,0.01,124,746670,买盘
10:14:31,60.21,-0.01,70,421463,卖盘
10:14:33,60.2,-0.01,51,307082,卖盘
10:14:36,60.21,0.01,61,367266,买盘
10:14:39,60.21,0.0,60,361283,卖盘
10:14:43,60.22,0.01,35,210753,买盘
10:14:46,60.22,0.0,134,806830,买盘
10:14:49,60.22,0.0,33,198710,买盘
10:14:52,60.22,0.0,16,96352,中性盘
10:14:54,60.22,0.0,10,60220,卖盘
10:14:58,60.24,0.02,58,349288,买盘
10:15:00,60.22,-0.02,60,361354,卖盘
10:15:04,60.24,0.02,102,613546,买盘
10:15:07,60.24,0.0,72,433662,卖盘
10:15:10,60.25,0.01,75,451745,买盘
10:15:12,60.28,0.03,825,4975783,买盘
10:15:15,60.24,-0.04,102,610788,卖盘
10:15:18,60.25,0.01,191,1150601,中性盘
10:15:22,60.26,0.01,61,367613,买盘
10:15:24,60.28,0.02,30,180839,买盘
10:15:28,60.28,0.0,29,174812,买盘
10:15:30,60.29,0.01,66,397829,买盘
10:15:33,60.26,-0.03,140,844036,卖盘
10:15:36,60.29,0.03,74,446164,买盘
10:15:39,60.28,-0.01,53,319516,卖盘
10:15:43,60.29,0.01,199,1199463,中性盘
10:15:45,60.29,0.0,33,198904,中性盘
10:15:49,60.3,0.01,93,560778,买盘
10:15:51,60.3,0.0,379,2285278,买盘
10:15:55,60.3,0.0,62,373861,卖盘
10:15:57,60.31,0.01,13,78394,买盘
10:16:00,60.31,0.0,136,820121,买盘
10:16:04,60.32,0.01,110,663371,买盘
10:16:07,60.29,-0.03,611,3684416,卖盘
10:16:09,60.32,0.03,110,663292,买盘
10:16:12,60.32,0.0,336,2025658,买盘
10:16:16,60.25,-0.07,171,1030600,卖盘
10:16:19,60.28,0.03,328,1976434,买盘
10:16:22,60.29,0.01,509,3067050,买盘
10:16:24,60.3,0.01,182,1097480,卖盘
10:16:28,60.31,0.01,224,1350554,买盘
10:16:31,60.27,-0.04,114,687144,卖盘
10:16:34,60.25,-0.02,125,753449,卖盘
10:16:37,60.3,0.05,224,1349810,买盘
10:16:40,60.3,0.0,117,705723,买盘
10:16:43,60.3,0.0,63,379714,买盘
10:16:45,60.27,-0.03,53,318794,卖盘
10:16:48,60.29,0.02,120,723376,买盘
10:16:52,60.3,0.01,132,795857,买盘
10:16:54,60.29,-0.01,128,771726,卖盘
10:16:58,60.25,-0.04,215,1295861,卖盘
10:17:00,60.29,0.04,60,361674,买盘
10:17:04,60.29,0.0,310,1868727,卖盘
10:17:06,60.27,-0.02,90,542422,卖盘
10:17:10,60.29,0.02,67,403646,买盘
10:17:13,60.28,-0.01,498,2998705,中性盘
10:17:16,60.27,-0.01,105,632809,中性盘
10:17:18,60.25,-0.02,438,2637085,卖盘
10:17:21,60.19,-0.06,344,2072597,卖盘
10:17:25,60.26,0.07,14,84345,卖盘
10:17:28,60.27,0.01,216,1300663,买盘
10:17:31,60.2,-0.07,34,204788,卖盘
10:17:34,60.27,0.07,53,319317,买盘
10:17:37,60.23,-0.04,274,1649238,卖盘
10:17:40,60.27,0.04,60,361445,买盘
10:17:42,60.2,-0.07,763,4593943,卖盘
10:17:46,60.2,0.0,133,800571,买盘
10:17:48,60.23,0.03,143,860599,中性盘
10:17:52,60.2,-0.03,321,1933765,卖盘
10:17:54,60.25,0.05,46,277090,买盘
10:17:58,60.2,-0.05,152,915408,卖盘
10:18:01,60.2,0.0,44,264887,买盘
10:18:04,60.18,-0.02,165,993108,卖盘
10:18:07,60.15,-0.03,420,2526939,卖盘
10:18:10,60.19,0.04,86,517602,中性盘
10:18:13,60.2,0.01,24,144427,中性盘
10:18:15,60.21,0.01,245,1474732,买盘
10:18:18,60.19,-0.02,34,204656,中性盘
10:18:21,60.21,0.02,30,180627,买盘
10:18:25,60.2,-0.01,168,1011401,卖盘
10:18:27,60.2,0.0,41,246833,卖盘
10:18:31,60.21,0.01,30,180636,卖盘
10:18:33,60.21,0.0,6,36128,卖盘
10:18:36,60.2,-0.01,125,752537,卖盘
10:18:40,60.2,0.0,113,680185,买盘
10:18:42,60.19,-0.01,83,499582,中性盘
10:18:46,60.2,0.01,33,198630,买盘
10:18:49,60.2,0.0,83,499507,买盘
10:18:52,60.2,0.0,132,794618,买盘
10:18:54,60.2,0.0,59,355129,买盘
10:18:57,60.18,-0.02,121,728389,卖盘
10:19:00,60.19,0.01,58,349085,买盘
10:19:04,60.18,-0.01,120,722179,卖盘
10:19:06,60.19,0.01,44,264818,买盘
10:19:09,60.18,-0.01,31,186568,卖盘
10:19:13,60.18,0.0,87,523481,卖盘
10:19:16,60.18,0.0,37,222657,买盘
10:19:18,60.16,-0.02,51,306850,卖盘
10:19:22,60.17,0.01,67,403124,买盘
10:19:24,60.19,0.02,71,427289,买盘
10:19:27,60.17,-0.02,94,565640,卖盘
10:19:30,60.19,0.02,151,908811,买盘
10:19:34,60.19,0.0,236,1420706,卖盘
10:19:36,60.2,0.01,81,487585,买盘
10:19:40,60.19,-0.01,157,945162,卖盘
10:19:42,60.2,0.01,192,1155525,买盘
10:19:46,60.2,0.0,128,770556,卖盘
10:19:49,60.2,0.0,42,252820,买盘
10:19:51,60.2,0.0,322,1937985,买盘
10:19:54,60.19,-0.01,101,607996,中性盘
10:19:58,60.22,0.03,80,481553,买盘
10:20:00,60.2,-0.02,173,1041576,卖盘
10:20:04,60.2,0.0,41,246822,卖盘
10:20:07,60.21,0.01,94,565884,买盘
10:20:09,60.2,-0.01,36,216736,卖盘
10:20:12,60.21,0.01,52,313067,买盘
10:20:15,60.2,-0.01,92,553851,卖盘
10:20:19,60.2,0.0,136,818777,卖盘
10:20:22,60.21,0.01,126,758640,买盘
10:20:24,60.2,-0.01,70,421425,卖盘
10:20:27,60.21,0.01,90,541831,中性盘
10:20:31,60.2,-0.01,96,577934,卖盘
10:20:34,60.21,0.01,197,1185998,买盘
10:20:37,60.2,-0.01,658,3959867,卖盘
10:20:40,60.15,-0.05,154,926532,卖盘
10:20:42,60.21,0.06,62,373256,买盘
10:20:46,60.2,-0.01,64,385250,卖盘
10:20:49,60.2,0.0,400,2407286,卖盘
10:20:52,60.2,0.0,396,2384242,卖盘
10:20:55,60.2,0.0,145,872509,买盘
10:20:58,60.2,0.0,57,343095,买盘
10:21:01,60.18,-0.02,73,439341,卖盘
10:21:04,60.18,0.0,167,1004798,买盘
10:21:06,60.18,0.0,91,547677,买盘
10:21:10,60.16,-0.02,72,433252,卖盘
10:21:13,60.15,-0.01,99,595578,卖盘
10:21:15,60.18,0.03,25,150422,卖盘
10:21:19,60.15,-0.03,163,980930,卖盘
10:21:22,60.16,0.01,42,252660,中性盘
10:21:25,60.18,0.02,26,156407,买盘
10:21:27,60.18,0.0,61,367171,卖盘
10:21:31,60.2,0.02,38,228649,买盘
10:21:34,60.2,0.0,59,355092,买盘
10:21:36,60.2,0.0,132,794377,买盘
10:21:39,60.18,-0.02,41,246824,卖盘
10:21:42,60.16,-0.02,117,704020,卖盘
10:21:46,60.18,0.02,30,180484,买盘
10:21:49,60.2,0.02,247,1487005,买盘
10:21:52,60.2,0.0,91,547661,卖盘
10:21:54,60.2,0.0,33,198586,买盘
10:21:58,60.2,0.0,64,385271,买盘
10:22:00,60.17,-0.03,116,697997,卖盘
10:22:04,60.2,0.03,83,499625,买盘
10:22:07,60.2,0.0,136,818584,买盘
10:22:10,60.2,0.0,43,258852,卖盘
10:22:13,60.22,0.02,280,1686038,买盘
10:22:15,60.2,-0.02,202,1216146,卖盘
10:22:19,60.2,0.0,105,631920,买盘
10:22:22,60.2,0.0,75,451478,买盘
10:22:25,60.2,0.0,165,992835,买盘
10:22:27,60.2,0.0,93,559797,卖盘
10:22:31,60.2,0.0,167,1005150,卖盘
10:22:33,60.19,-0.01,84,505554,卖盘
10:22:36,60.19,0.0,156,939365,中性盘
10:22:40,60.2,0.01,188,1131434,买盘
10:22:43,60.22,0.02,144,866706,买盘
10:22:45,60.19,-0.03,74,445470,卖盘
10:22:49,60.18,-0.01,141,848604,卖盘
10:22:52,60.21,0.03,75,451427,买盘
10:22:55,60.2,-0.01,150,902995,卖盘
10:22:58,60.2,0.0,71,427352,买盘
10:23:00,60.18,-0.02,39,234734,卖盘
10:23:04,60.17,-0.01,124,746322,卖盘
10:23:07,60.2,0.03,60,361180,买盘
10:23:09,60.21,0.01,77,463549,买盘
10:23:13,60.21,0.0,90,541733,买盘
10:23:15,60.18,-0.03,84,505641,卖盘
10:23:19,60.21,0.03,28,168550,买盘
10:23:22,60.17,-0.04,47,282853,卖盘
10:23:25,60.15,-0.02,916,5510318,卖盘
10:23:27,60.12,-0.03,354,2128784,卖盘
10:23:30,60.15,0.03,118,709558,买盘
10:23:34,60.15,0.0,18,108232,买盘
10:23:37,60.2,0.05,218,1311186,买盘
10:23:40,60.15,-0.05,26,156428,卖盘
10:23:43,60.19,0.04,38,228586,买盘
10:23:46,60.15,-0.04,69,415054,卖盘
10:23:48,60.15,0.0,39,234667,卖盘
10:23:51,60.13,-0.02,104,625578,卖盘
10:23:54,60.15,0.02,39,234558,买盘
10:23:58,60.15,0.0,54,324777,买盘
10:24:00,60.15,0.0,45,270658,买盘
10:24:05,60.15,0.0,29,174426,买盘
10:24:07,60.15,0.0,95,571390,买盘
10:24:10,60.16,0.01,75,451141,买盘
10:24:12,60.16,0.0,72,433078,买盘
10:24:16,60.13,-0.03,88,529205,卖盘
10:24:19,60.14,0.01,39,234567,中性盘
10:24:22,60.14,0.0,133,799772,买盘
10:24:25,60.13,-0.01,146,877950,卖盘
10:24:27,60.14,0.01,121,727611,买盘
10:24:31,60.14,0.0,57,342747,买盘
10:24:33,60.13,-0.01,105,631392,卖盘
10:24:37,60.15,0.02,110,661542,买盘
10:24:40,60.14,-0.01,90,541245,卖盘
10:24:43,60.14,0.0,378,2274765,卖盘
10:24:46,60.13,-0.01,85,511137,卖盘
10:24:49,60.15,0.02,73,438970,中性盘
10:24:51,60.15,0.0,21,126300,卖盘
10:24:55,60.14,-0.01,29,174446,卖盘
10:24:57,60.14,0.0,283,1702510,买盘
10:25:01,60.18,0.04,45,270607,中性盘
10:25:04,60.13,-0.05,77,463047,卖盘
10:25:07,60.18,0.05,120,721902,买盘
10:25:10,60.18,0.0,22,132396,卖盘
10:25:12,60.18,0.0,59,354914,卖盘
10:25:15,60.18,0.0,23,138387,买盘
10:25:18,60.18,0.0,9,54161,买盘
10:25:21,60.18,0.0,36,216618,买盘
10:25:24,60.16,-0.02,115,692036,中性盘
10:25:28,60.15,-0.01,74,445174,卖盘
10:25:31,60.17,0.02,22,132367,中性盘
10:25:33,60.18,0.01,40,240694,买盘
10:25:36,60.18,0.0,137,824345,买盘
10:25:40,60.18,0.0,66,397131,买盘
10:25:42,60.18,0.0,5,30084,买盘
10:25:46,60.16,-0.02,122,733866,卖盘
10:25:48,60.17,0.01,63,379029,买盘
10:25:52,60.15,-0.02,97,583592,卖盘
10:25:55,60.15,0.0,121,727992,卖盘
10:25:58,60.17,0.02,118,709897,买盘
10:26:01,60.17,0.0,118,710006,卖盘
10:26:04,60.17,0.0,38,228652,卖盘
10:26:07,60.16,-0.01,264,1588587,卖盘
10:26:10,60.17,0.01,85,511335,买盘
10:26:12,60.16,-0.01,16,96271,中性盘
10:26:16,60.15,-0.01,85,511312,卖盘
10:26:19,60.15,0.0,48,288758,卖盘
10:26:22,60.15,0.0,37,222602,卖盘
10:26:24,60.15,0.0,75,451127,卖盘
10:26:28,60.16,0.01,84,505308,买盘
10:26:31,60.15,-0.01,118,709930,卖盘
10:26:33,60.15,0.0,90,541345,卖盘
10:26:37,60.17,0.02,70,421045,买盘
10:26:39,60.14,-0.03,163,980415,卖盘
10:26:43,60.14,0.0,62,372904,卖盘
10:26:45,60.15,0.01,58,348864,买盘
10:26:48,60.14,-0.01,99,595426,卖盘
10:26:52,60.14,0.0,20,120284,卖盘
10:26:54,60.15,0.01,41,246610,买盘
10:26:57,60.15,0.0,53,318757,买盘
10:27:01,60.15,0.0,41,246604,买盘
10:27:04,60.14,-0.01,108,649551,卖盘
10:27:07,60.16,0.02,224,1346389,买盘
10:27:10,60.15,-0.01,60,360900,卖盘
10:27:13,60.13,-0.02,88,529245,卖盘
10:27:15,60.15,0.02,40,240612,卖盘
10:27:19,60.15,0.0,11,66165,卖盘
10:27:22,60.15,0.0,63,378905,买盘
10:27:25,60.14,-0.01,36,216496,卖盘
10:27:28,60.15,0.01,165,992381,买盘
10:27:30,60.15,0.0,137,823967,买盘
10:27:34,60.15,0.0,54,324792,买盘
10:27:37,60.15,0.0,564,3392282,买盘
10:27:40,60.13,-0.02,126,757752,卖盘
10:27:42,60.14,0.01,14,84200,中性盘
10:27:46,60.13,-0.01,32,192430,卖盘
10:27:48,60.15,0.02,203,1221017,买盘
10:27:52,60.15,0.0,24,144364,卖盘
10:27:54,60.15,0.0,44,264676,卖盘
10:27:57,60.15,0.0,225,1353417,卖盘
10:28:00,60.15,0.0,98,589481,卖盘
10:28:04,60.15,0.0,172,1034511,买盘
10:28:07,60.17,0.02,195,1172943,买盘
10:28:09,60.17,0.0,52,312884,卖盘
10:28:12,60.17,0.0,90,541546,卖盘
10:28:16,60.17,0.0,79,475240,卖盘
10:28:18,60.17,0.0,53,318938,卖盘
10:28:22,60.16,-0.01,254,1527948,卖盘
10:28:24,60.17,0.01,52,312851,买盘
10:28:27,60.17,0.0,64,385072,买盘
10:28:31,60.18,0.01,178,1070907,买盘
10:28:34,60.16,-0.02,49,294772,中性盘
10:28:37,60.18,0.02,60,361047,买盘
10:28:40,60.17,-0.01,64,385110,卖盘
10:28:43,60.17,0.0,50,300855,卖盘
10:28:45,60.17,0.0,151,908572,卖盘
10:28:49,60.2,0.03,406,2443620,买盘
10:28:51,60.18,-0.02,377,2269410,卖盘
10:28:55,60.18,0.0,162,974994,卖盘
10:28:57,60.19,0.01,131,788505,买盘
10:29:00,60.18,-0.01,158,950965,卖盘
10:29:04,60.19,0.01,71,427318,买盘
10:29:07,60.19,0.0,41,246789,买盘
10:29:09,60.19,0.0,80,481524,卖盘
10:29:12,60.19,0.0,34,204670,卖盘
10:29:15,60.2,0.01,130,782600,买盘
10:29:19,60.21,0.01,107,644125,买盘
10:29:21,60.2,-0.01,92,553925,卖盘
10:29:24,60.2,0.0,126,758615,卖盘
10:29:27,60.22,0.02,75,451524,买盘
10:29:30,60.21,-0.01,77,463604,卖盘
10:29:33,60.25,0.04,57,343323,买盘
10:29:36,60.25,0.0,90,544724,买盘
10:29:39,60.26,0.01,48,289221,买盘
10:29:42,60.25,-0.01,51,307287,卖盘
10:29:45,60.26,0.01,37,222956,买盘
10:29:48,60.26,0.0,34,204859,中性盘
10:29:51,60.2,-0.06,233,1403217,卖盘
10:29:54,60.2,0.0,65,391287,买盘
10:29:57,60.2,0.0,57,343107,买盘
10:30:01,60.2,0.0,94,565865,买盘
10:30:04,60.2,0.0,31,186610,买盘
10:30:07,60.19,-0.01,231,1390317,卖盘
10:30:09,60.18,-0.01,287,1727292,卖盘
10:30:13,60.18,0.0,201,1209256,买盘
10:30:16,60.18,0.0,31,186521,买盘
10:30:19,60.18,0.0,9,54161,买盘
10:30:22,60.17,-0.01,59,355054,卖盘
10:30:24,60.17,0.0,19,114299,买盘
10:30:28,60.17,0.0,136,818095,买盘
10:30:30,60.16,-0.01,44,264710,卖盘
10:30:33,60.16,0.0,191,1148881,买盘
10:30:36,60.16,0.0,57,342885,买盘
10:30:40,60.16,0.0,54,324855,买盘
10:30:43,60.15,-0.01,35,210540,卖盘
10:30:45,60.15,0.0,55,330836,卖盘
10:30:49,60.15,0.0,34,204504,买盘
10:30:51,60.15,0.0,549,3302209,买盘
10:30:55,60.18,0.03,119,715888,买盘
10:30:57,60.13,-0.05,48,288698,卖盘
10:31:01,60.16,0.03,12,72180,买盘
10:31:04,60.15,-0.01,76,457134,卖盘
10:31:06,60.15,0.0,28,168399,中性盘
10:31:10,60.15,0.0,73,439141,买盘
10:31:12,60.16,0.01,64,385013,买盘
10:31:16,60.16,0.0,27,162445,卖盘
10:31:18,60.19,0.03,37,222687,买盘
10:31:21,60.19,0.0,34,204600,买盘
10:31:25,60.2,0.01,292,1757819,买盘
10:31:27,60.2,0.0,562,3386233,买盘
10:31:30,60.2,0.0,63,379260,卖盘
10:31:34,60.2,0.0,67,403551,卖盘
10:31:36,60.2,0.0,16,96320,卖盘
10:31:40,60.27,0.07,61,367332,买盘
10:31:43,60.2,-0.07,67,403658,卖盘
10:31:46,60.2,0.0,68,409378,卖盘
10:31:49,60.2,0.0,342,2058099,买盘
10:31:51,60.17,-0.03,62,373061,中性盘
10:31:55,60.21,0.04,109,656060,买盘
10:31:57,60.17,-0.04,87,524052,卖盘
10:32:01,60.2,0.03,77,463362,卖盘
10:32:04,60.19,-0.01,13,78246,卖盘
10:32:07,60.2,0.01,17,102347,卖盘
10:32:09,60.21,0.01,16,96323,买盘
10:32:13,60.2,-0.01,21,126412,中性盘
10:32:16,60.2,0.0,118,710395,卖盘
10:32:18,60.2,0.0,53,319076,卖盘
10:32:22,60.2,0.0,30,180615,卖盘
10:32:25,60.21,0.01,42,252863,买盘
10:32:27,60.2,-0.01,163,981381,卖盘
10:32:31,60.21,0.01,34,204697,买盘
10:32:34,60.21,0.0,28,168570,买盘
10:32:37,60.21,0.0,51,307035,买盘
10:32:40,60.2,-0.01,39,234781,卖盘
10:32:43,60.22,0.02,35,210749,买盘
10:32:45,60.23,0.01,88,530039,卖盘
10:32:49,60.23,0.0,12,72279,卖盘
10:32:51,60.23,0.0,19,114439,卖盘
10:32:55,60.23,0.0,42,252991,买盘
10:32:57,60.24,0.01,79,475778,中性盘
10:33:01,60.23,-0.01,44,264993,卖盘
10:33:04,60.24,0.01,34,204790,买盘
10:33:07,60.23,-0.01,56,337304,卖盘
10:33:09,60.23,0.0,26,156603,买盘
10:33:13,60.23,0.0,19,114431,买盘
10:33:16,60.25,0.02,70,421649,买盘
10:33:19,60.24,-0.01,37,222883,卖盘
10:33:21,60.24,0.0,18,108444,卖盘
10:33:24,60.24,0.0,65,391677,卖盘
10:33:28,60.24,0.0,53,319345,卖盘
10:33:31,60.26,0.02,44,265145,中性盘
10:33:33,60.24,-0.02,32,192782,卖盘
10:33:36,60.28,0.04,37,222911,买盘
10:33:39,60.25,-0.03,54,325396,卖盘
10:33:43,60.26,0.01,19,114489,买盘
10:33:46,60.3,0.04,147,886173,买盘
10:33:48,60.28,-0.02,19,114504,中性盘
10:33:51,60.28,0.0,10,60280,卖盘
10:33:54,60.3,0.02,107,645207,买盘
10:33:57,60.3,0.0,111,669347,卖盘
10:34:01,60.3,0.0,98,590997,卖盘
10:34:04,60.29,-0.01,56,337667,买盘
10:34:07,60.3,0.01,10,60301,中性盘
10:34:10,60.3,0.0,29,174855,卖盘
10:34:13,60.28,-0.02,76,458215,卖盘
10:34:15,60.29,0.01,96,578825,买盘
10:34:19,60.27,-0.02,24,144662,买盘
10:34:21,60.23,-0.04,325,1958027,卖盘
10:34:24,60.23,0.0,83,499967,买盘
10:34:28,60.26,0.03,43,258968,买盘
10:34:31,60.23,-0.03,44,265157,中性盘
10:34:34,60.23,0.0,34,204868,卖盘
10:34:37,60.22,-0.01,128,771254,卖盘
10:34:39,60.23,0.01,37,222841,买盘
10:34:42,60.23,0.0,40,240908,买盘
10:34:45,60.23,0.0,201,1210499,买盘
10:34:49,60.23,0.0,42,252978,买盘
10:34:52,60.23,0.0,30,180693,卖盘
10:34:55,60.26,0.03,11,66268,买盘
10:34:57,60.23,-0.03,42,252990,卖盘
10:35:01,60.23,0.0,65,391508,卖盘
10:35:04,60.25,0.02,12,72285,买盘
10:35:06,60.25,0.0,59,355427,买盘
10:35:09,60.25,0.0,17,102425,卖盘
10:35:12,60.25,0.0,89,536246,卖盘
10:35:15,60.26,0.01,16,96402,中性盘
10:35:19,60.25,-0.01,33,198828,卖盘
10:35:22,60.26,0.01,519,3126998,买盘
10:35:24,60.26,0.0,108,650737,买盘
10:35:27,60.25,-0.01,106,638685,卖盘
10:35:30,60.26,0.01,91,548308,买盘
10:35:34,60.26,0.0,18,108472,卖盘
10:35:37,60.27,0.01,17,102444,买盘
10:35:39,60.27,0.0,36,216939,买盘
10:35:42,60.27,0.0,78,465510,买盘
10:35:46,60.27,0.0,30,180805,买盘
10:35:49,60.27,0.0,18,108479,买盘
10:35:52,60.27,0.0,110,662958,买盘
10:35:55,60.27,0.0,33,198862,买盘
10:35:57,60.27,0.0,132,795493,买盘
10:36:00,60.26,-0.01,67,403762,卖盘
10:36:05,60.27,0.01,30,180802,买盘
10:36:06,60.27,0.0,47,283248,买盘
10:36:10,60.26,-0.01,30,180802,卖盘
10:36:13,60.26,0.0,72,433861,卖盘
10:36:16,60.26,0.0,97,584586,买盘
10:36:18,60.26,0.0,16,96409,卖盘
10:36:21,60.26,0.0,14,84365,卖盘
10:36:25,60.26,0.0,22,132563,买盘
10:36:27,60.26,0.0,63,379602,买盘
10:36:30,60.25,-0.01,70,421795,卖盘
10:36:34,60.25,0.0,10,60251,卖盘
10:36:37,60.27,0.02,18,108479,卖盘
10:36:40,60.25,-0.02,118,711150,卖盘
10:36:43,60.28,0.03,78,470107,买盘
10:36:45,60.27,-0.01,41,247119,卖盘
10:36:48,60.25,-0.02,20,120539,卖盘
10:36:51,60.25,0.0,48,289297,卖盘
10:36:55,60.27,0.02,59,355567,买盘
10:36:58,60.27,0.0,59,355535,买盘
10:37:01,60.25,-0.02,21,126530,卖盘
10:37:04,60.25,0.0,68,409721,卖盘
10:37:06,60.25,0.0,31,186764,买盘
10:37:09,60.25,0.0,88,530173,买盘
10:37:12,60.24,-0.01,169,1018230,中性盘
10:37:15,60.25,0.01,47,283235,卖盘
10:37:18,60.25,0.0,17,102450,卖盘
10:37:21,60.25,0.0,71,427873,卖盘
10:37:24,60.25,0.0,90,542340,卖盘
10:37:27,60.25,0.0,27,162686,卖盘
10:37:30,60.25,0.0,20,120506,卖盘
10:37:34,60.26,0.01,34,204858,买盘
10:37:37,60.26,0.0,48,289223,买盘
10:37:40,60.26,0.0,113,680908,买盘
10:37:43,60.26,0.0,113,680989,卖盘
10:37:46,60.26,0.0,54,325413,卖盘
10:37:49,60.27,0.01,111,668892,买盘
10:37:51,60.3,0.03,287,1729847,买盘
10:37:54,60.27,-0.03,35,210885,中性盘
10:37:57,60.25,-0.02,20,120502,卖盘
10:38:00,60.27,0.02,130,783498,买盘
10:38:04,60.27,0.0,51,307404,卖盘
10:38:06,60.27,0.0,5,30141,卖盘
10:38:09,60.29,0.02,46,277276,买盘
10:38:13,60.27,-0.02,43,259212,卖盘
10:38:16,60.3,0.03,10,60280,买盘
10:38:18,60.29,-0.01,14,84416,中性盘
10:38:22,60.3,0.01,82,494410,买盘
10:38:25,60.3,0.0,89,536641,买盘
10:38:27,60.29,-0.01,318,1917525,卖盘
10:38:31,60.29,0.0,94,566770,卖盘
10:38:34,60.29,0.0,59,355750,卖盘
10:38:36,60.3,0.01,109,657173,买盘
10:38:40,60.3,0.0,29,174847,买盘
10:38:42,60.3,0.0,29,174860,买盘
10:38:46,60.3,0.0,71,428143,买盘
10:38:49,60.3,0.0,87,524529,卖盘
10:38:51,60.32,0.02,69,416127,买盘
10:38:54,60.31,-0.01,23,138696,中性盘
10:38:58,60.32,0.01,205,1236559,买盘
10:39:00,60.32,0.0,147,886708,卖盘
10:39:05,60.33,0.01,67,404170,买盘
10:39:07,60.33,0.0,45,271481,买盘
10:39:10,60.32,-0.01,134,808327,卖盘
10:39:13,60.33,0.01,53,319763,卖盘
10:39:15,60.33,0.0,73,440439,卖盘
10:39:18,60.34,0.01,34,205126,买盘
10:39:22,60.34,0.0,339,2045761,买盘
10:39:24,60.32,-0.02,223,1345175,卖盘
10:39:27,60.32,0.0,102,615093,买盘
10:39:31,60.31,-0.01,20,120615,买盘
10:39:33,60.3,-0.01,99,596982,卖盘
10:39:37,60.3,0.0,138,832127,买盘
10:39:39,60.28,-0.02,96,578834,卖盘
10:39:43,60.29,0.01,77,465118,中性盘
10:39:45,60.29,0.0,50,301441,买盘
10:39:49,60.29,0.0,57,343603,买盘
10:39:52,60.29,0.0,46,277315,买盘
10:39:54,60.3,0.01,346,2087092,买盘
10:39:57,60.25,-0.05,539,3246655,卖盘
10:40:01,60.25,0.0,96,578264,买盘
10:40:05,60.24,-0.01,25,150606,卖盘
10:40:07,60.27,0.03,274,1650858,买盘
10:40:10,60.25,-0.02,53,319337,卖盘
10:40:12,60.24,-0.01,34,204845,卖盘
10:40:16,60.26,0.02,44,265059,买盘
10:40:18,60.25,-0.01,103,620584,卖盘
10:40:22,60.25,0.0,58,349443,卖盘
10:40:25,60.23,-0.02,95,572243,卖盘
10:40:27,60.21,-0.02,197,1186607,卖盘
10:40:30,60.25,0.04,53,319126,买盘
10:40:34,60.23,-0.02,34,204738,中性盘
10:40:36,60.22,-0.01,27,162611,卖盘
10:40:39,60.22,0.0,22,137303,卖盘
10:40:42,60.23,0.01,101,608194,买盘
10:40:45,60.22,-0.01,18,108390,中性盘
10:40:48,60.22,0.0,41,246915,中性盘
10:40:51,60.21,-0.01,94,566031,卖盘
10:40:55,60.21,0.0,86,517816,卖盘
10:40:57,60.21,0.0,83,499745,卖盘
10:41:01,60.21,0.0,171,1029621,卖盘
10:41:04,60.21,0.0,66,397447,卖盘
10:41:07,60.22,0.01,74,445568,卖盘
10:41:10,60.2,-0.02,30,180625,卖盘
10:41:12,60.2,0.0,38,228785,卖盘
10:41:15,60.2,0.0,97,583950,卖盘
10:41:19,60.21,0.01,91,547856,买盘
10:41:21,60.21,0.0,65,391368,卖盘
10:41:25,60.21,0.0,38,228798,卖盘
10:41:27,60.22,0.01,109,656385,买盘
10:41:30,60.22,0.0,23,138512,卖盘
10:41:34,60.23,0.01,44,264969,买盘
10:41:37,60.22,-0.01,14,84311,卖盘
10:41:39,60.22,0.0,10,60222,卖盘
10:41:42,60.23,0.01,20,120452,买盘
10:41:46,60.22,-0.01,134,806983,卖盘
10:41:49,60.23,0.01,110,662465,买盘
10:41:51,60.23,0.0,35,210799,卖盘
10:41:55,60.23,0.0,33,198759,卖盘
10:41:57,60.23,0.0,15,90346,卖盘
10:42:01,60.23,0.0,63,379564,卖盘
10:42:04,60.23,0.0,45,271022,买盘
10:42:07,60.23,0.0,68,405698,买盘
10:42:10,60.23,0.0,91,548042,买盘
10:42:13,60.23,0.0,27,162602,买盘
10:42:15,60.23,0.0,49,295102,买盘
10:42:19,60.23,0.0,27,162621,卖盘
10:42:22,60.23,0.0,107,644505,卖盘
10:42:25,60.24,0.01,29,174658,买盘
10:42:28,60.23,-0.01,42,252991,买盘
10:42:31,60.23,0.0,136,819194,卖盘
10:42:34,60.22,-0.01,42,252929,卖盘
10:42:36,60.23,0.01,29,174667,买盘
10:42:40,60.23,0.0,48,289076,卖盘
10:42:43,60.22,-0.01,63,379402,卖盘
10:42:46,60.23,0.01,39,234897,买盘
10:42:49,60.22,-0.01,45,271001,卖盘
10:42:51,60.23,0.01,29,174643,买盘
10:42:54,60.22,-0.01,126,758807,卖盘
10:42:57,60.23,0.01,14,84312,买盘
10:43:01,60.21,-0.02,65,395158,卖盘
10:43:05,60.22,0.01,31,186673,买盘
10:43:07,60.21,-0.01,133,800823,卖盘
10:43:10,60.21,0.0,108,650195,卖盘
10:43:13,60.2,-0.01,178,1071570,卖盘
10:43:15,60.2,0.0,53,319084,卖盘
10:43:18,60.2,0.0,22,132447,卖盘
10:43:21,60.2,0.0,99,596023,卖盘
10:43:25,60.2,0.0,22,132446,卖盘
10:43:27,60.2,0.0,51,307026,卖盘
10:43:31,60.2,0.0,159,952388,卖盘
10:43:34,60.19,-0.01,59,355160,卖盘
10:43:37,60.2,0.01,133,800660,买盘
10:43:40,60.2,0.0,59,355164,买盘
10:43:42,60.2,0.0,60,361177,买盘
10:43:46,60.19,-0.01,98,589869,卖盘
10:43:48,60.19,0.0,104,625963,卖盘
10:43:51,60.19,0.0,72,433380,买盘
10:43:55,60.19,0.0,65,391212,买盘
10:43:58,60.19,0.0,104,625964,买盘
10:44:01,60.18,-0.01,98,589764,卖盘
10:44:04,60.18,0.0,295,1775137,卖盘
10:44:07,60.16,-0.02,37,222604,卖盘
10:44:10,60.18,0.02,22,132396,买盘
10:44:12,60.18,0.0,159,956679,买盘
10:44:16,60.17,-0.01,25,150396,中性盘
10:44:19,60.16,-0.01,81,487440,卖盘
10:44:21,60.17,0.01,32,192544,卖盘
10:44:25,60.18,0.01,148,890518,买盘
10:44:28,60.17,-0.01,35,211499,卖盘
10:44:30,60.17,0.0,38,230034,卖盘
10:44:34,60.17,0.0,14,84233,买盘
10:44:36,60.17,0.0,67,403132,买盘
10:44:40,60.16,-0.01,85,509074,卖盘
10:44:42,60.16,0.0,48,288798,卖盘
10:44:45,60.17,0.01,15,90239,买盘
10:44:49,60.16,-0.01,57,342913,卖盘
10:44:52,60.15,-0.01,838,5040597,卖盘
10:44:55,60.15,0.0,282,1696420,卖盘
10:44:58,60.15,0.0,28,168405,中性盘
10:45:00,60.14,-0.01,24,144349,卖盘
10:45:04,60.15,0.01,32,192470,买盘
10:45:06,60.14,-0.01,18,108255,卖盘
10:45:09,60.15,0.01,77,463104,买盘
10:45:13,60.14,-0.01,88,529290,卖盘
10:45:16,60.14,0.0,29,174416,卖盘
10:45:19,60.14,0.0,4,24057,卖盘
10:45:22,60.14,0.0,39,234559,卖盘
10:45:25,60.14,0.0,229,1377421,卖盘
10:45:27,60.14,0.0,52,312728,卖盘
10:45:30,60.14,0.0,166,998436,卖盘
10:45:34,60.14,0.0,223,1342761,卖盘
10:45:36,60.15,0.01,128,769746,中性盘
10:45:40,60.16,0.01,31,186467,买盘
10:45:42,60.16,0.0,304,1828859,买盘
10:45:46,60.16,0.0,208,1251134,买盘
10:45:49,60.16,0.0,87,523392,卖盘
10:45:52,60.16,0.0,19,114304,卖盘
10:45:55,60.16,0.0,100,601639,卖盘
10:45:57,60.15,-0.01,126,757902,卖盘
10:46:01,60.15,0.0,27,162396,买盘
10:46:04,60.15,0.0,29,174435,买盘
10:46:07,60.14,-0.01,53,318748,卖盘
10:46:10,60.15,0.01,32,192462,买盘
10:46:12,60.14,-0.01,87,523267,卖盘
10:46:15,60.15,0.01,229,1377405,买盘
10:46:18,60.15,0.0,30,180450,卖盘
10:46:21,60.16,0.01,115,691807,买盘
10:46:24,60.14,-0.02,122,733804,卖盘
10:46:27,60.16,0.02,13,78208,卖盘
10:46:30,60.16,0.0,40,240633,卖盘
10:46:34,60.15,-0.01,7,42108,卖盘
10:46:37,60.16,0.01,59,357142,买盘
10:46:40,60.16,0.0,80,481282,买盘
10:46:42,60.15,-0.01,69,414983,卖盘
10:46:46,60.15,0.0,14,84204,买盘
10:46:49,60.15,0.0,29,174433,买盘
10:46:51,60.14,-0.01,16,96232,卖盘
10:46:54,60.14,0.0,24,144347,卖盘
10:46:58,60.15,0.01,49,294689,买盘
10:47:01,60.15,0.0,21,126311,买盘
10:47:04,60.15,0.0,35,210511,买盘
10:47:07,60.14,-0.01,128,769807,卖盘
10:47:09,60.15,0.01,66,396963,买盘
10:47:13,60.14,-0.01,38,228533,卖盘
10:47:15,60.14,0.0,46,276957,卖盘
10:47:19,60.15,0.01,53,318775,买盘
10:47:22,60.14,-0.01,114,685601,卖盘
10:47:25,60.14,0.0,94,565360,卖盘
10:47:28,60.15,0.01,44,264630,买盘
10:47:31,60.14,-0.01,181,1088652,卖盘
10:47:33,60.14,0.0,45,270647,卖盘
10:47:36,60.15,0.01,54,324763,买盘
10:47:39,60.15,0.0,23,138337,买盘
10:47:42,60.15,0.0,186,1120354,买盘
10:47:46,60.15,0.0,185,1112869,卖盘
10:47:48,60.16,0.01,66,397035,买盘
10:47:51,60.16,0.0,62,372988,卖盘
10:47:55,60.15,-0.01,239,1437626,卖盘
10:47:58,60.16,0.01,62,372939,中性盘
10:48:00,60.16,0.0,281,1688860,卖盘
10:48:04,60.15,-0.01,49,294735,买盘
10:48:07,60.16,0.01,31,186496,买盘
10:48:10,60.15,-0.01,116,697712,卖盘
10:48:13,60.15,0.0,70,421081,卖盘
10:48:15,60.15,0.0,29,174435,买盘
10:48:18,60.14,-0.01,44,264643,卖盘
10:48:22,60.14,0.0,42,252614,卖盘
10:48:24,60.16,0.02,20,120310,买盘
10:48:28,60.15,-0.01,18,108256,卖盘
10:48:31,60.15,0.0,36,216545,卖盘
10:48:34,60.16,0.01,26,156397,中性盘
10:48:36,60.17,0.01,25,150379,买盘
10:48:39,60.15,-0.02,44,264686,卖盘
10:48:43,60.16,0.01,13,78208,买盘
10:48:46,60.15,-0.01,32,192486,卖盘
10:48:48,60.16,0.01,62,372965,买盘
10:48:51,60.15,-0.01,52,312797,卖盘
10:48:54,60.15,0.0,56,336864,卖盘
10:48:58,60.16,0.01,15,90239,中性盘
10:49:00,60.15,-0.01,97,583502,卖盘
10:49:04,60.15,0.0,25,150375,买盘
10:49:06,60.15,0.0,45,270708,买盘
10:49:10,60.15,0.0,89,535321,卖盘
10:49:13,60.15,0.0,86,517280,买盘
10:49:16,60.16,0.01,36,216550,买盘
10:49:19,60.16,0.0,173,1040812,卖盘
10:49:21,60.18,0.02,89,535410,买盘
10:49:25,60.14,-0.04,31,186478,卖盘
10:49:28,60.15,0.01,17,102255,买盘
10:49:31,60.16,0.01,64,384971,买盘
10:49:34,60.15,-0.01,46,276745,卖盘
10:49:36,60.16,0.01,16,96254,中性盘
10:49:40,60.17,0.01,25,150409,买盘
10:49:43,60.18,0.01,60,361072,买盘
10:49:45,60.18,0.0,71,427208,买盘
10:49:49,60.16,-0.02,60,360963,卖盘
10:49:52,60.17,0.01,3,18051,买盘
10:49:55,60.16,-0.01,26,156430,卖盘
10:49:57,60.16,0.0,19,114307,卖盘
10:50:00,60.17,0.01,16,96265,买盘
10:50:04,60.17,0.0,44,264707,买盘
10:50:07,60.17,0.0,128,770070,卖盘
10:50:10,60.15,-0.02,91,547380,卖盘
10:50:12,60.16,0.01,65,390979,买盘
10:50:16,60.16,0.0,109,655544,买盘
10:50:18,60.16,0.0,61,366918,买盘
10:50:22,60.16,0.0,68,409039,买盘
10:50:25,60.14,-0.02,86,517239,卖盘
10:50:28,60.14,0.0,6,36084,卖盘
10:50:30,60.16,0.02,105,631504,买盘
10:50:34,60.14,-0.02,40,240602,卖盘
10:50:37,60.17,0.03,506,3044212,买盘
10:50:39,60.17,0.0,157,944311,买盘
10:50:42,60.17,0.0,87,523475,买盘
10:50:45,60.17,0.0,39,234665,卖盘
10:50:48,60.17,0.0,29,174493,卖盘
10:50:52,60.17,0.0,68,409160,卖盘
10:50:54,60.17,0.0,137,824329,卖盘
10:50:58,60.17,0.0,170,1022894,卖盘
10:51:01,60.17,0.0,47,282789,买盘
10:51:04,60.17,0.0,79,475341,买盘
10:51:07,60.16,-0.01,40,240641,卖盘
10:51:10,60.15,-0.01,12,72202,卖盘
10:51:13,60.15,0.0,22,132331,卖盘
10:51:15,60.15,0.0,36,217142,卖盘
10:51:19,60.15,0.0,111,667724,卖盘
10:51:21,60.16,0.01,25,150381,中性盘
10:51:25,60.15,-0.01,11,66164,买盘
10:51:28,60.14,-0.01,21,126299,卖盘
10:51:31,60.15,0.01,55,330802,买盘
10:51:33,60.13,-0.02,762,4577341,卖盘
10:51:37,60.13,0.0,108,649309,买盘
10:51:40,60.13,0.0,23,138278,买盘
10:51:42,60.13,0.0,36,216434,买盘
10:51:46,60.13,0.0,34,206767,买盘
10:51:48,60.12,-0.01,211,1266182,卖盘
10:51:51,60.13,0.01,70,420801,买盘
10:51:55,60.11,-0.02,26,156291,卖盘
10:51:57,60.11,0.0,46,276523,卖盘
10:52:01,60.11,0.0,133,799468,卖盘
10:52:05,60.11,0.0,60,360668,卖盘
10:52:07,60.11,0.0,40,240449,卖盘
10:52:09,60.11,0.0,99,595096,卖盘
10:52:13,60.11,0.0,98,589117,卖盘
10:52:15,60.11,0.0,99,595104,卖盘
10:52:18,60.12,0.01,87,522961,买盘
10:52:22,60.11,-0.01,63,378700,卖盘
10:52:24,60.11,0.0,57,345218,卖盘
10:52:28,60.11,0.0,124,745366,卖盘
10:52:30,60.11,0.0,60,360668,卖盘
10:52:33,60.11,0.0,44,264487,卖盘
10:52:37,60.11,0.0,54,325025,卖盘
10:52:40,60.11,0.0,23,138254,卖盘
10:52:42,60.11,0.0,285,1710124,卖盘
10:52:46,60.11,0.0,52,313202,买盘
10:52:49,60.1,-0.01,21,126210,卖盘
10:52:52,60.1,0.0,36,216363,卖盘
10:52:55,60.1,0.0,23,138773,卖盘
10:52:57,60.1,0.0,240,1442457,卖盘
10:53:00,60.1,0.0,130,781305,卖盘
10:53:05,60.1,0.0,244,1466440,卖盘
10:53:07,60.1,0.0,143,859856,卖盘
10:53:10,60.1,0.0,230,1382304,卖盘
10:53:13,60.1,0.0,87,522901,卖盘
10:53:16,60.1,0.0,344,2067448,卖盘
10:53:19,60.1,0.0,91,546918,卖盘
10:53:22,60.1,0.0,260,1562601,卖盘
10:53:25,60.1,0.0,78,468808,卖盘
10:53:27,60.11,0.01,150,901555,买盘
10:53:31,60.1,-0.01,109,655119,卖盘
10:53:34,60.12,0.02,356,2139711,买盘
10:53:37,60.11,-0.01,143,857853,卖盘
10:53:40,60.1,-0.01,32,192304,买盘
10:53:43,60.09,-0.01,17,102168,卖盘
10:53:46,60.1,0.01,123,739143,买盘
10:53:49,60.09,-0.01,151,907462,卖盘
10:53:52,60.09,0.0,258,1550394,卖盘
10:53:54,60.08,-0.01,65,390538,卖盘
10:53:58,60.09,0.01,21,126182,买盘
10:54:00,60.09,0.0,116,696999,买盘
10:54:05,60.08,-0.01,99,594794,卖盘
10:54:07,60.08,0.0,140,841138,卖盘
10:54:09,60.07,-0.01,136,817108,卖盘
10:54:12,60.07,0.0,51,306410,卖盘
10:54:16,60.08,0.01,98,588791,买盘
10:54:19,60.07,-0.01,695,4174142,卖盘
10:54:22,60.07,0.0,83,498440,买盘
10:54:25,60.07,0.0,50,300355,买盘
10:54:28,60.05,-0.02,82,492542,卖盘
10:54:31,60.06,0.01,197,1183302,中性盘
10:54:33,60.05,-0.01,76,456459,卖盘
10:54:37,60.05,0.0,113,678648,卖盘
10:54:39,60.05,0.0,171,1027070,卖盘
10:54:43,60.05,0.0,57,342276,卖盘
10:54:45,60.04,-0.01,70,420313,卖盘
10:54:49,60.06,0.02,249,1495223,买盘
10:54:52,60.07,0.01,122,732641,买盘
10:54:55,60.05,-0.02,71,426396,卖盘
10:54:57,60.04,-0.01,200,1200968,卖盘
10:55:00,60.04,0.0,45,270163,买盘
10:55:05,60.04,0.0,107,642428,买盘
10:55:07,60.04,0.0,129,774467,买盘
10:55:10,60.04,0.0,118,708422,买盘
10:55:13,60.03,-0.01,116,696422,卖盘
10:55:16,60.04,0.01,64,384231,卖盘
10:55:18,60.04,0.0,79,474320,买盘
10:55:21,60.03,-0.01,36,216122,卖盘
10:55:25,60.04,0.01,20,120074,买盘
10:55:27,60.03,-0.01,39,234129,卖盘
10:55:31,60.04,0.01,156,936469,买盘
10:55:34,60.03,-0.01,151,906478,卖盘
10:55:37,60.03,0.0,26,156069,卖盘
10:55:40,60.03,0.0,54,324183,买盘
10:55:42,60.03,0.0,39,234115,中性盘
10:55:46,60.02,-0.01,130,780322,卖盘
10:55:49,60.03,0.01,88,528277,卖盘
10:55:52,60.02,-0.01,193,1158415,卖盘
10:55:55,60.02,0.0,49,294132,卖盘
10:55:58,60.02,0.0,503,3018592,卖盘
10:56:00,60.02,0.0,160,960388,卖盘
10:56:04,60.02,0.0,38,228058,中性盘
10:56:07,60.02,0.0,37,222074,买盘
10:56:10,60.02,0.0,90,540180,买盘
10:56:12,60.01,-0.01,160,960388,卖盘
10:56:16,60.01,0.0,185,1110214,卖盘
10:56:18,60.01,0.0,144,864174,卖盘
10:56:21,60.01,0.0,74,444113,卖盘
10:56:24,60.02,0.01,35,210069,卖盘
10:56:28,60.02,0.0,190,1140247,卖盘
10:56:30,60.03,0.01,222,1332383,买盘
10:56:33,60.01,-0.02,82,492128,卖盘
10:56:36,60.01,0.0,246,1476322,卖盘
10:56:40,60.03,0.02,68,408108,买盘
10:56:43,60.02,-0.01,8,48017,中性盘
10:56:45,60.01,-0.01,136,816189,卖盘
10:56:48,60.01,0.0,210,1260131,买盘
10:56:52,60.03,0.02,47,282071,买盘
10:56:55,60.03,0.0,334,2004217,买盘
10:56:57,60.01,-0.02,58,348069,卖盘
10:57:00,60.03,0.02,151,908243,买盘
10:57:04,60.04,0.01,49,294129,买盘
10:57:07,60.03,-0.01,233,1398708,卖盘
10:57:09,60.01,-0.02,239,1432593,卖盘
10:57:13,60.01,0.0,78,468056,买盘
10:57:16,60.01,0.0,102,612178,买盘
10:57:19,60.01,0.0,46,276060,卖盘
10:57:21,60.01,0.0,58,348133,卖盘
10:57:25,60.01,0.0,66,396282,卖盘
10:57:27,60.01,0.0,46,276046,卖盘
10:57:30,60.01,0.0,39,234061,卖盘
10:57:34,60.03,0.02,155,930457,买盘
10:57:36,60.01,-0.02,31,186049,卖盘
10:57:40,60.03,0.02,50,300122,买盘
10:57:42,60.02,-0.01,63,378114,卖盘
10:57:46,60.02,0.0,97,582253,卖盘
10:57:48,60.02,0.0,39,234066,买盘
10:57:51,60.02,0.0,186,1116370,买盘
10:57:54,60.02,0.0,100,600139,买盘
10:57:57,60.02,0.0,46,276065,买盘
10:58:01,60.02,0.0,118,708224,买盘
10:58:04,60.02,0.0,75,450109,买盘
10:58:07,60.02,0.0,79,474135,买盘
10:58:09,60.02,0.0,134,804254,买盘
10:58:13,60.03,0.01,100,600332,买盘
10:58:16,60.03,0.0,34,204100,卖盘
10:58:18,60.03,0.0,310,1860928,卖盘
10:58:22,60.02,-0.01,63,378209,卖盘
10:58:24,60.03,0.01,114,685674,卖盘
10:58:27,60.03,0.0,41,246123,卖盘
10:58:31,60.03,0.0,157,942466,卖盘
10:58:34,60.05,0.02,60,364208,买盘
10:58:36,60.05,0.0,23,138115,卖盘
10:58:40,60.07,0.02,28,168182,买盘
10:58:43,60.07,0.0,83,498457,买盘
10:58:46,60.05,-0.02,18,108090,卖盘
10:58:48,60.07,0.02,89,534577,买盘
10:58:52,60.07,0.0,17,102119,卖盘
10:58:54,60.07,0.0,47,282331,卖盘
10:58:58,60.07,0.0,29,174170,卖盘
10:59:01,60.05,-0.02,33,198218,卖盘
10:59:04,60.07,0.02,82,489115,买盘
10:59:07,60.07,0.0,37,222230,卖盘
10:59:09,60.07,0.0,188,1129110,买盘
10:59:12,60.07,0.0,53,318342,买盘
10:59:16,60.05,-0.02,59,354314,卖盘
10:59:18,60.06,0.01,37,222213,买盘
10:59:21,60.05,-0.01,48,288249,卖盘
10:59:25,60.05,0.0,9,54046,卖盘
10:59:27,60.05,0.0,42,252216,卖盘
10:59:31,60.05,0.0,73,437715,卖盘
10:59:34,60.05,0.0,43,258193,买盘
10:59:37,60.05,0.0,26,156120,买盘
10:59:40,60.05,0.0,40,240153,买盘
10:59:42,60.03,-0.02,143,858528,卖盘
10:59:46,60.05,0.02,43,258157,买盘
10:59:48,60.04,-0.01,25,150117,卖盘
10:59:51,60.04,0.0,19,114079,卖盘
10:59:54,60.05,0.01,89,534294,买盘
10:59:57,60.02,-0.03,804,4825616,卖盘
11:00:00,60.03,0.01,103,618133,买盘
11:00:05,60.03,0.0,27,162051,买盘
11:00:07,60.01,-0.02,133,798269,卖盘
11:00:09,60.01,0.0,49,294066,卖盘
11:00:12,60.02,0.01,10,60028,中性盘
11:00:16,60.02,0.0,67,402110,卖盘
11:00:19,60.01,-0.01,409,2454426,卖盘
11:00:21,60.02,0.01,49,294066,买盘
11:00:25,60.0,-0.02,240,1440127,卖盘
11:00:27,60.0,0.0,85,510052,卖盘
11:00:31,60.01,0.01,27,162019,买盘
11:00:34,60.01,0.0,370,2220011,买盘
11:00:37,60.0,-0.01,70,420017,卖盘
11:00:40,60.0,0.0,45,270017,卖盘
11:00:42,60.01,0.01,303,1818182,买盘
11:00:46,60.01,0.0,55,330055,卖盘
11:00:48,60.02,0.01,62,372079,买盘
11:00:52,60.01,-0.01,99,594112,卖盘
11:00:54,60.0,-0.01,132,792105,卖盘
11:00:58,60.0,0.0,81,486059,卖盘
11:01:00,60.01,0.01,77,462015,买盘
11:01:05,60.01,0.0,285,1710022,买盘
11:01:07,60.01,0.0,71,426016,买盘
11:01:10,60.01,0.0,145,870111,买盘
11:01:13,60.01,0.0,43,258022,买盘
11:01:16,60.0,-0.01,131,786112,卖盘
11:01:19,60.01,0.01,45,270023,买盘
11:01:21,60.0,-0.01,85,510017,卖盘
11:01:24,60.01,0.01,81,486060,买盘
11:01:27,60.0,-0.01,30,180008,卖盘
11:01:31,60.01,0.01,24,144012,买盘
11:01:34,60.0,-0.01,42,252013,卖盘
11:01:36,60.01,0.01,133,798046,买盘
11:01:39,60.01,0.0,228,1368063,买盘
11:01:43,60.0,-0.01,53,318009,卖盘
11:01:45,60.01,0.01,215,1290051,买盘
11:01:49,60.01,0.0,190,1140020,买盘
11:01:52,60.0,-0.01,125,750072,卖盘
11:01:55,60.01,0.01,51,306018,买盘
11:01:58,60.01,0.0,118,708014,买盘
11:02:00,60.01,0.0,83,498018,买盘
11:02:04,60.01,0.0,63,378045,买盘
11:02:07,60.01,0.0,140,840010,买盘
11:02:10,60.01,0.0,214,1284062,买盘
11:02:13,60.0,-0.01,41,246009,卖盘
11:02:16,60.01,0.01,389,2334383,买盘
11:02:19,60.02,0.01,62,372059,买盘
11:02:22,60.02,0.0,48,288083,买盘
11:02:24,60.02,0.0,184,1104307,买盘
11:02:28,60.03,0.01,51,306128,买盘
11:02:30,60.02,-0.01,60,360136,卖盘
11:02:34,60.01,-0.01,97,582177,卖盘
11:02:37,60.03,0.02,123,738273,买盘
11:02:40,60.01,-0.02,20,120020,卖盘
11:02:42,60.01,0.0,17,102025,卖盘
11:02:46,60.01,0.0,53,318063,卖盘
11:02:48,60.01,0.0,101,606108,卖盘
11:02:52,60.01,0.0,53,318060,卖盘
11:02:54,60.01,0.0,87,522148,卖盘
11:02:57,60.01,0.0,86,516047,卖盘
11:03:01,60.01,0.0,129,774114,买盘
11:03:04,60.0,-0.01,481,2886221,卖盘
11:03:07,60.02,0.02,144,864113,买盘
11:03:10,60.02,0.0,202,1212331,买盘
11:03:12,60.0,-0.02,155,930039,卖盘
11:03:16,60.02,0.02,277,1662432,买盘
11:03:19,60.01,-0.01,117,702116,卖盘
11:03:21,60.0,-0.01,18,108018,卖盘
11:03:25,60.02,0.02,43,258063,买盘
11:03:27,60.01,-0.01,35,210036,卖盘
11:03:30,60.01,0.0,39,234056,卖盘
11:03:34,60.01,0.0,159,954279,卖盘
11:03:37,60.02,0.01,89,534169,买盘
11:03:39,60.02,0.0,44,264091,卖盘
11:03:43,60.03,0.01,269,1614570,买盘
11:03:45,60.02,-0.01,272,1632554,卖盘
11:03:49,60.02,0.0,56,336136,卖盘
11:03:51,60.02,0.0,23,138046,卖盘
11:03:55,60.02,0.0,242,1452706,卖盘
11:03:57,60.02,0.0,168,1008392,卖盘
11:04:01,60.02,0.0,33,198073,卖盘
11:04:04,60.02,0.0,83,498196,卖盘
11:04:07,60.02,0.0,24,144039,买盘
11:04:10,60.01,-0.01,341,2046665,卖盘
11:04:13,60.01,0.0,30,180031,卖盘
11:04:16,60.01,0.0,149,894189,卖盘
11:04:19,60.02,0.01,138,828182,买盘
11:04:21,60.02,0.0,64,384083,买盘
11:04:24,60.01,-0.01,299,1794598,卖盘
11:04:27,60.02,0.01,49,294055,买盘
11:04:30,60.02,0.0,292,1752377,买盘
11:04:34,60.01,-0.01,68,409336,中性盘
11:04:36,60.01,0.0,51,306053,卖盘
11:04:39,60.02,0.01,85,510116,买盘
11:04:42,60.01,-0.01,76,456092,卖盘
11:04:46,60.01,0.0,24,144027,卖盘
11:04:48,60.01,0.0,51,304795,卖盘
11:04:51,60.0,-0.01,67,402075,卖盘
11:04:55,60.01,0.01,48,288040,买盘
11:04:57,60.0,-0.01,46,276008,卖盘
11:05:00,60.01,0.01,94,564021,买盘
11:05:04,60.01,0.0,67,402041,买盘
11:05:06,60.0,-0.01,190,1140118,卖盘
11:05:09,60.01,0.01,81,487316,买盘
11:05:13,60.0,-0.01,79,474067,卖盘
11:05:16,60.01,0.01,73,438046,买盘
11:05:19,60.01,0.0,68,408045,买盘
11:05:22,60.01,0.0,41,246024,买盘
11:05:24,60.01,0.0,174,1044054,买盘
11:05:28,60.0,-0.01,109,654037,卖盘
11:05:30,60.01,0.01,132,792032,买盘
11:05:34,60.01,0.0,336,2016119,买盘
11:05:36,60.01,0.0,42,252042,卖盘
11:05:40,60.01,0.0,33,198033,卖盘
11:05:43,60.01,0.0,76,456075,卖盘
11:05:45,60.01,0.0,135,810166,买盘
11:05:49,60.01,0.0,63,378069,卖盘
11:05:52,60.01,0.0,71,426126,卖盘
11:05:55,60.01,0.0,53,318053,卖盘
11:05:57,60.01,0.0,41,246041,卖盘
11:06:01,60.01,0.0,70,420031,卖盘
11:06:05,60.01,0.0,102,612108,买盘
11:06:07,60.01,0.0,58,348058,卖盘
11:06:10,60.01,0.0,27,162028,卖盘
11:06:13,60.01,0.0,39,234039,卖盘
11:06:16,60.01,0.0,59,354059,卖盘
11:06:18,60.01,0.0,18,108011,买盘
11:06:22,60.01,0.0,101,606014,买盘
11:06:24,60.0,-0.01,260,1560044,卖盘
11:06:28,60.01,0.01,1293,7758207,买盘
11:06:31,60.01,0.0,505,3030065,卖盘
11:06:34,60.01,0.0,1321,7924844,买盘
11:06:36,60.01,0.0,716,4294788,买盘
11:06:39,60.01,0.0,446,2676073,买盘
11:06:42,60.0,-0.01,805,4830006,卖盘
11:06:46,60.0,0.0,502,3011724,卖盘
11:06:49,60.0,0.0,56,335960,买盘
11:06:52,59.99,-0.01,52,311973,卖盘
11:06:55,59.99,0.0,114,683962,卖盘
11:06:57,59.99,0.0,89,533921,卖盘
11:07:01,59.99,0.0,80,479903,买盘
11:07:05,59.99,0.0,223,1337575,买盘
11:07:07,59.99,0.0,84,503872,买盘
11:07:10,59.98,-0.01,123,737820,卖盘
11:07:13,59.99,0.01,115,689822,买盘
11:07:15,59.98,-0.01,115,689813,卖盘
11:07:18,59.98,0.0,58,347886,卖盘
11:07:21,59.99,0.01,126,755756,买盘
11:07:24,59.97,-0.02,257,1541551,卖盘
11:07:28,59.98,0.01,35,209905,中性盘
11:07:30,59.97,-0.01,8,47977,卖盘
11:07:34,59.98,0.01,50,299853,买盘
11:07:36,59.97,-0.01,83,497760,卖盘
11:07:39,59.97,0.0,158,947544,卖盘
11:07:42,59.97,0.0,72,431786,卖盘
11:07:45,59.97,0.0,27,161918,买盘
11:07:49,59.97,0.0,54,323809,买盘
11:07:52,59.97,0.0,69,413775,买盘
11:07:55,59.97,0.0,185,1112048,买盘
11:07:57,59.96,-0.01,163,977363,卖盘
11:08:01,59.96,0.0,269,1610184,卖盘
11:08:04,59.96,0.0,83,500358,卖盘
11:08:06,59.95,-0.01,51,305745,卖盘
11:08:10,59.96,0.01,187,1121072,买盘
11:08:13,59.95,-0.01,167,1001177,卖盘
11:08:15,59.95,0.0,231,1384867,卖盘
11:08:19,59.95,0.0,188,1127064,卖盘
11:08:21,59.96,0.01,235,1408829,买盘
11:08:25,59.95,-0.01,100,599500,卖盘
11:08:27,59.96,0.01,266,1594702,买盘
11:08:31,59.95,-0.01,249,1489972,卖盘
11:08:33,59.95,0.0,42,251767,买盘
11:08:37,59.94,-0.01,279,1672542,卖盘
11:08:39,59.94,0.0,60,359631,卖盘
11:08:43,59.93,-0.01,236,1414466,卖盘
11:08:45,59.94,0.01,178,1066834,买盘
11:08:49,59.93,-0.01,159,952942,卖盘
11:08:52,59.93,0.0,210,1262975,卖盘
11:08:54,59.92,-0.01,84,503353,卖盘
11:08:58,59.92,0.0,434,2600467,卖盘
11:09:01,59.92,0.0,136,814797,卖盘
11:09:04,59.91,-0.01,102,611100,卖盘
11:09:06,59.92,0.01,56,335534,买盘
11:09:09,59.91,-0.01,1105,6619385,卖盘
11:09:13,59.91,0.0,207,1239956,买盘
11:09:15,59.9,-0.01,399,2390024,卖盘
11:09:19,59.9,0.0,427,2557731,卖盘
11:09:21,59.91,0.01,869,5206576,买盘
11:09:24,59.9,-0.01,540,3234679,卖盘
11:09:27,59.9,0.0,377,2258241,卖盘
11:09:31,59.9,0.0,401,2400167,卖盘
11:09:34,59.9,0.0,202,1209991,卖盘
11:09:36,59.89,-0.01,84,503143,卖盘
11:09:39,59.9,0.01,101,604964,买盘
11:09:43,59.89,-0.01,47,281486,卖盘
11:09:46,59.89,0.0,322,1928461,卖盘
11:09:48,59.89,0.0,186,1113972,卖盘
11:09:52,59.89,0.0,139,833075,卖盘
11:09:54,59.89,0.0,97,580868,买盘
11:09:58,59.89,0.0,27,161693,买盘
11:10:00,59.88,-0.01,384,2299439,卖盘
11:10:04,59.88,0.0,1483,8880237,卖盘
11:10:07,59.89,0.01,797,4772462,买盘
11:10:10,59.88,-0.01,290,1736533,卖盘
11:10:13,59.89,0.01,163,976101,买盘
11:10:15,59.89,0.0,373,2233552,买盘
11:10:19,59.88,-0.01,248,1485044,卖盘
11:10:22,59.88,0.0,472,2826366,卖盘
11:10:25,59.88,0.0,399,2389268,卖盘
11:10:28,59.88,0.0,215,1287434,卖盘
11:10:30,59.88,0.0,415,2485047,卖盘
11:10:34,59.88,0.0,83,496957,买盘
11:10:37,59.88,0.0,108,646656,买盘
11:10:40,59.87,-0.01,326,1951763,卖盘
11:10:43,59.87,0.0,168,1005672,买盘
11:10:45,59.86,-0.01,303,1813774,卖盘
11:10:49,59.85,-0.01,127,760182,卖盘
11:10:52,59.86,0.01,149,891794,买盘
11:10:54,59.85,-0.01,400,2394030,卖盘
11:10:58,59.85,0.0,714,4273309,卖盘
11:11:00,59.85,0.0,164,981380,买盘
11:11:04,59.82,-0.03,213,1274404,卖盘
11:11:07,59.81,-0.01,921,5508604,卖盘
11:11:10,59.81,0.0,100,598020,买盘
11:11:13,59.81,0.0,233,1393407,买盘
11:11:15,59.8,-0.01,734,4389392,卖盘
11:11:19,59.81,0.01,190,1136280,买盘
11:11:22,59.8,-0.01,716,4281750,卖盘
11:11:25,59.8,0.0,374,2236596,卖盘
11:11:27,59.8,0.0,361,2158799,卖盘
11:11:30,59.8,0.0,235,1405333,卖盘
11:11:34,59.8,0.0,582,3479834,卖盘
11:11:37,59.8,0.0,440,2631226,卖盘
11:11:40,59.8,0.0,367,2194687,卖盘
11:11:42,59.81,0.01,695,4156124,买盘
11:11:46,59.8,-0.01,569,3402700,卖盘
11:11:48,59.8,0.0,745,4455128,卖盘
11:11:52,59.8,0.0,945,5651788,卖盘
11:11:54,59.8,0.0,250,1494777,买盘
11:11:58,59.79,-0.01,350,2092309,买盘
11:12:00,59.78,-0.01,86,514075,卖盘
11:12:05,59.77,-0.01,220,1314914,卖盘
11:12:07,59.76,-0.01,86,513945,卖盘
11:12:10,59.77,0.01,47,280899,买盘
11:12:13,59.75,-0.02,225,1344383,卖盘
11:12:16,59.74,-0.01,145,866373,卖盘
11:12:19,59.73,-0.01,103,615245,卖盘
11:12:22,59.73,0.0,35,209058,卖盘
11:12:24,59.73,0.0,293,1750074,买盘
11:12:28,59.71,-0.02,594,3546504,卖盘
11:12:30,59.72,0.01,339,2023972,买盘
11:12:34,59.7,-0.02,90,537346,卖盘
11:12:36,59.7,0.0,158,943248,卖盘
11:12:40,59.7,0.0,34,202960,买盘
11:12:42,59.69,-0.01,98,584992,卖盘
11:12:46,59.69,0.0,85,507367,卖盘
11:12:48,59.69,0.0,268,1599490,买盘
11:12:51,59.68,-0.01,464,2769172,卖盘
11:12:55,59.67,-0.01,79,471426,卖盘
11:12:57,59.68,0.01,100,596757,买盘
11:13:00,59.66,-0.02,177,1056157,卖盘
11:13:04,59.66,0.0,236,1407967,卖盘
11:13:06,59.65,-0.01,172,1026010,卖盘
11:13:09,59.64,-0.01,102,608427,卖盘
11:13:13,59.63,-0.01,344,2051924,卖盘
11:13:15,59.63,0.0,330,1967925,卖盘
11:13:18,59.63,0.0,242,1443031,买盘
11:13:21,59.62,-0.01,159,948017,卖盘
11:13:24,59.64,0.02,341,2033439,买盘
11:13:28,59.62,-0.02,846,5045232,卖盘
11:13:30,59.63,0.01,551,3285358,卖盘
11:13:33,59.61,-0.02,400,2384493,卖盘
11:13:36,59.61,0.0,268,1597705,买盘
11:13:40,59.63,0.02,196,1168562,买盘
11:13:42,59.6,-0.03,305,1818476,卖盘
11:13:46,59.62,0.02,702,4185948,卖盘
11:13:49,59.61,-0.01,456,2718988,卖盘
11:13:51,59.64,0.03,339,2021438,买盘
11:13:55,59.63,-0.01,276,1647200,卖盘
11:13:58,59.64,0.01,257,1532530,买盘
11:14:00,59.63,-0.01,279,1663828,中性盘
11:14:05,59.64,0.01,611,3645128,中性盘
11:14:07,59.67,0.03,372,2218437,买盘
11:14:10,59.63,-0.04,477,2845323,卖盘
11:14:12,59.63,0.0,318,1896805,卖盘
11:14:16,59.67,0.04,1743,10387819,中性盘
11:14:19,59.66,-0.01,504,3007676,卖盘
11:14:21,59.65,-0.01,294,1753805,卖盘
11:14:24,59.66,0.01,140,835132,买盘
11:14:27,59.67,0.01,147,877037,买盘
11:14:31,59.69,0.02,142,847268,买盘
11:14:34,59.69,0.0,128,763764,买盘
11:14:37,59.7,0.01,133,793786,买盘
11:14:40,59.7,0.0,130,775864,买盘
11:14:42,59.7,0.0,181,1080487,买盘
11:14:46,59.7,0.0,159,949244,卖盘
11:14:48,59.71,0.01,119,710468,中性盘
11:14:52,59.72,0.01,70,417986,买盘
11:14:55,59.72,0.0,99,591182,买盘
11:14:57,59.73,0.01,166,991355,买盘
11:15:01,59.72,-0.01,137,818202,卖盘
11:15:04,59.75,0.03,192,1146776,买盘
11:15:07,59.74,-0.01,112,668969,中性盘
11:15:10,59.75,0.01,59,352482,买盘
11:15:13,59.75,0.0,129,770733,买盘
11:15:16,59.75,0.0,128,764774,买盘
11:15:19,59.76,0.01,211,1260744,买盘
11:15:22,59.76,0.0,105,627445,买盘
11:15:25,59.76,0.0,58,346617,卖盘
11:15:28,59.78,0.02,102,609700,买盘
11:15:31,59.76,-0.02,105,627758,卖盘
11:15:34,59.78,0.02,60,358682,买盘
11:15:36,59.8,0.02,477,2852441,买盘
11:15:39,59.79,-0.01,174,1040451,卖盘
11:15:42,59.8,0.01,82,490302,买盘
11:15:46,59.81,0.01,118,705091,买盘
11:15:49,59.82,0.01,199,1190149,买盘
11:15:52,59.82,0.0,39,233279,买盘
11:15:54,59.82,0.0,112,670183,卖盘
11:15:58,59.84,0.02,117,699997,买盘
11:16:00,59.85,0.01,505,3022331,买盘
11:16:04,59.86,0.01,98,586542,买盘
11:16:07,59.86,0.0,187,1119308,买盘
11:16:10,59.86,0.0,301,1801674,买盘
11:16:12,59.86,0.0,149,891856,卖盘
11:16:16,59.87,0.01,47,281389,中性盘
11:16:18,59.88,0.01,124,742669,买盘
11:16:21,59.88,0.0,14,83832,卖盘
11:16:24,59.9,0.02,39,233588,买盘
11:16:28,59.9,0.0,74,443253,买盘
11:16:31,59.91,0.01,36,215643,买盘
11:16:34,59.91,0.0,40,239623,买盘
11:16:36,59.93,0.02,108,647131,买盘
11:16:39,59.91,-0.02,155,928744,卖盘
11:16:43,59.91,0.0,230,1378127,卖盘
11:16:45,59.94,0.03,60,359544,买盘
11:16:49,59.95,0.01,54,323683,买盘
11:16:52,59.95,0.0,37,221760,买盘
11:16:55,59.94,-0.01,53,317724,卖盘
11:16:58,59.94,0.0,174,1043075,卖盘
11:17:00,59.96,0.02,92,551472,买盘
11:17:04,59.96,0.0,61,365678,买盘
11:17:07,59.95,-0.01,134,803374,中性盘
11:17:09,59.95,0.0,83,497527,买盘
11:17:12,59.95,0.0,111,665430,买盘
11:17:15,59.95,0.0,66,395685,中性盘
11:17:19,59.96,0.01,121,725434,买盘
11:17:22,59.96,0.0,98,587579,买盘
11:17:24,59.96,0.0,96,575591,买盘
11:17:27,59.97,0.01,50,299810,买盘
11:17:30,59.96,-0.01,119,713526,卖盘
11:17:34,59.96,0.0,72,431717,卖盘
11:17:37,59.96,0.0,95,569644,卖盘
11:17:40,59.96,0.0,197,1181358,卖盘
11:17:42,59.97,0.01,252,1511057,买盘
11:17:46,59.97,0.0,134,803478,买盘
11:17:48,59.97,0.0,252,1511120,买盘
11:17:51,59.96,-0.01,85,509700,卖盘
11:17:55,59.97,0.01,91,545721,买盘
11:17:57,59.97,0.0,44,263869,卖盘
11:18:01,59.98,0.01,92,551766,买盘
11:18:04,59.98,0.0,105,629765,买盘
11:18:07,59.99,0.01,47,281940,买盘
11:18:09,59.99,0.0,119,713850,买盘
11:18:13,59.99,0.0,96,575904,卖盘
11:18:15,59.99,0.0,35,209986,卖盘
11:18:19,60.0,0.01,752,4516780,买盘
11:18:22,60.0,0.0,291,1746000,卖盘
11:18:25,60.0,0.0,55,330009,卖盘
11:18:28,60.09,0.09,5,30037,买盘
11:18:30,60.09,0.0,96,576205,买盘
11:18:34,60.09,0.0,13,78040,买盘
11:18:36,60.03,-0.06,21,126089,中性盘
11:18:40,60.02,-0.01,73,438569,卖盘
11:18:42,60.08,0.06,54,324326,买盘
11:18:46,60.02,-0.06,37,222175,卖盘
11:18:48,60.02,0.0,73,438139,买盘
11:18:52,60.05,0.03,55,330151,买盘
11:18:54,60.05,0.0,16,96056,买盘
11:18:58,60.08,0.03,130,780404,买盘
11:19:00,60.08,0.0,168,1009442,卖盘
11:19:04,60.06,-0.02,43,258151,卖盘
11:19:07,60.08,0.02,54,324306,买盘
11:19:10,60.07,-0.01,14,84067,中性盘
11:19:12,60.05,-0.02,17,102100,卖盘
11:19:16,60.07,0.02,96,576510,买盘
11:19:19,60.05,-0.02,34,204189,卖盘
11:19:21,60.08,0.03,66,396463,买盘
11:19:24,60.07,-0.01,39,234252,中性盘
11:19:28,60.06,-0.01,43,258264,卖盘
11:19:30,60.06,0.0,89,534546,买盘
11:19:34,60.05,-0.01,22,132120,卖盘
11:19:37,60.06,0.01,55,330327,买盘
11:19:39,60.04,-0.02,14,84067,卖盘
11:19:43,60.05,0.01,29,174135,买盘
11:19:45,60.05,0.0,41,246200,买盘
11:19:49,60.03,-0.02,68,408217,卖盘
11:19:52,60.03,0.0,15,90040,买盘
11:19:55,60.02,-0.01,34,204096,卖盘
11:19:57,60.02,0.0,42,252077,卖盘
11:20:01,60.01,-0.01,33,198045,卖盘
11:20:04,60.01,0.0,225,1350485,卖盘
11:20:07,60.03,0.02,385,2310355,买盘
11:20:09,60.02,-0.01,326,1952844,中性盘
11:20:13,60.01,-0.01,42,251992,中性盘
11:20:16,60.0,-0.01,43,258032,卖盘
11:20:18,59.98,-0.02,142,851876,卖盘
11:20:22,60.0,0.02,59,353949,买盘
11:20:24,59.98,-0.02,16,95998,卖盘
11:20:28,59.98,0.0,40,239981,卖盘
11:20:30,59.97,-0.01,24,143952,卖盘
11:20:34,59.98,0.01,53,317866,买盘
11:20:36,59.98,0.0,53,317855,买盘
11:20:40,60.0,0.02,190,1139690,买盘
11:20:43,59.99,-0.01,203,1217997,卖盘
11:20:45,59.99,0.0,50,299975,卖盘
11:20:49,60.0,0.01,28,167999,买盘
11:20:51,60.0,0.0,113,678192,卖盘
11:20:54,60.0,0.0,89,534000,卖盘
11:20:57,60.03,0.03,27,164776,买盘
11:21:01,60.03,0.0,25,150078,卖盘
11:21:04,60.03,0.0,96,576379,卖盘
11:21:07,60.04,0.01,40,240126,买盘
11:21:10,60.04,0.0,39,234172,卖盘
11:21:12,60.04,0.0,137,822664,卖盘
11:21:16,60.04,0.0,93,558518,买盘
11:21:18,60.06,0.02,37,222175,中性盘
11:21:21,60.06,0.0,75,450482,卖盘
11:21:24,60.06,0.0,111,666570,卖盘
11:21:28,60.04,-0.02,23,138088,卖盘
11:21:30,60.0,-0.04,103,618117,卖盘
11:21:33,60.0,0.0,44,264015,卖盘
11:21:37,60.0,0.0,147,882020,卖盘
11:21:40,60.0,0.0,90,540012,卖盘
11:21:43,60.0,0.0,95,570022,卖盘
11:21:45,60.0,0.0,73,437943,卖盘
11:21:49,60.0,0.0,114,683893,买盘
11:21:52,59.99,-0.01,107,641910,卖盘
11:21:54,59.99,0.0,219,1313694,卖盘
11:21:58,60.0,0.01,427,2561273,买盘
11:22:00,59.95,-0.05,699,4190899,卖盘
11:22:04,59.95,0.0,250,1498394,买盘
11:22:07,59.95,0.0,558,3344578,买盘
11:22:10,59.93,-0.02,36,215750,卖盘
11:22:13,59.92,-0.01,156,934789,卖盘
11:22:16,59.92,0.0,78,467388,卖盘
11:22:19,59.92,0.0,94,563212,卖盘
11:22:22,59.88,-0.04,1567,9385514,卖盘
11:22:24,59.86,-0.02,153,915840,卖盘
11:22:27,59.88,0.02,358,2143102,买盘
11:22:30,59.86,-0.02,92,550591,中性盘
11:22:33,59.88,0.02,222,1329241,买盘
11:22:36,59.85,-0.03,77,460942,卖盘
11:22:39,59.84,-0.01,51,305249,中性盘
11:22:43,59.85,0.01,37,221456,卖盘
11:22:45,59.87,0.02,40,239417,买盘
11:22:49,59.85,-0.02,34,203492,卖盘
11:22:51,59.88,0.03,186,1113664,买盘
11:22:55,59.88,0.0,264,1580834,卖盘
11:22:58,59.88,0.0,20,119761,卖盘
11:23:01,59.9,0.02,22,131776,买盘
11:23:04,59.89,-0.01,19,113808,卖盘
11:23:07,59.89,0.0,37,221624,卖盘
11:23:10,59.92,0.03,89,533062,买盘
11:23:12,59.92,0.0,38,227651,买盘
11:23:15,59.9,-0.02,48,289886,卖盘
11:23:19,59.94,0.04,17,101871,买盘
11:23:21,59.95,0.01,46,275733,买盘
11:23:25,59.94,-0.01,5,29973,卖盘
11:23:28,59.95,0.01,117,701305,买盘
11:23:30,59.95,0.0,51,305709,买盘
11:23:34,59.94,-0.01,96,575459,卖盘
11:23:37,59.95,0.01,60,359677,买盘
11:23:40,59.9,-0.05,663,3969444,卖盘
11:23:42,59.9,0.0,76,455186,买盘
11:23:46,59.9,0.0,35,209650,买盘
11:23:48,59.89,-0.01,327,1958792,卖盘
11:23:52,59.89,0.0,37,221600,卖盘
11:23:55,59.9,0.01,23,137747,买盘
11:23:57,59.9,0.0,14,83855,买盘
11:24:01,59.9,0.0,18,107810,买盘
11:24:04,59.88,-0.02,283,1694638,卖盘
11:24:07,59.88,0.0,70,419117,买盘
11:24:09,59.88,0.0,126,754424,买盘
11:24:13,59.88,0.0,154,922112,买盘
11:24:15,59.89,0.01,40,239561,买盘
11:24:19,59.88,-0.01,389,2329169,卖盘
11:24:22,59.88,0.0,49,293385,卖盘
11:24:25,59.85,-0.03,65,389250,卖盘
11:24:27,59.88,0.03,40,239439,买盘
11:24:30,59.87,-0.01,14,83841,卖盘
11:24:33,59.89,0.02,42,251462,买盘
11:24:37,59.87,-0.02,335,2005062,中性盘
11:24:39,59.87,0.0,80,478957,买盘
11:24:43,59.88,0.01,22,131702,买盘
11:24:46,59.87,-0.01,24,143685,卖盘
11:24:48,59.87,0.0,4,23949,卖盘
11:24:51,59.88,0.01,69,413123,买盘
11:24:54,59.87,-0.01,56,335283,卖盘
11:24:58,59.88,0.01,167,999955,买盘
11:25:01,59.88,0.0,34,203592,卖盘
11:25:04,59.88,0.0,26,155694,卖盘
11:25:07,59.89,0.01,23,137738,买盘
11:25:10,59.88,-0.01,65,389229,卖盘
11:25:12,59.88,0.0,28,167659,买盘
11:25:16,59.87,-0.01,11,65866,卖盘
11:25:18,59.88,0.01,82,490974,买盘
11:25:22,59.88,0.0,66,395142,买盘
11:25:25,59.87,-0.01,52,311302,卖盘
11:25:27,59.87,0.0,22,131708,买盘
11:25:31,59.86,-0.01,29,173615,卖盘
11:25:34,59.87,0.01,46,275385,买盘
11:25:37,59.86,-0.01,21,125710,卖盘
11:25:40,59.87,0.01,60,359198,买盘
11:25:42,59.87,0.0,31,185575,买盘
11:25:46,59.86,-0.01,52,311275,卖盘
11:25:48,59.86,0.0,41,245410,买盘
11:25:52,59.86,0.0,39,233451,买盘
11:25:55,59.86,0.0,48,287317,买盘
11:25:58,59.86,0.0,60,359158,买盘
11:26:00,59.86,0.0,225,1346649,买盘
11:26:04,59.86,0.0,89,532732,买盘
11:26:06,59.86,0.0,291,1741923,买盘
11:26:10,59.86,0.0,64,383072,买盘
11:26:12,59.86,0.0,49,293322,买盘
11:26:15,59.86,0.0,284,1700301,卖盘
11:26:18,59.87,0.01,36,215506,买盘
11:26:21,59.86,-0.01,17,101781,卖盘
11:26:25,59.86,0.0,140,838219,卖盘
11:26:27,59.87,0.01,102,610646,买盘
11:26:30,59.87,0.0,70,419150,中性盘
11:26:33,59.86,-0.01,346,2071583,卖盘
11:26:37,59.92,0.06,403,2411265,买盘
11:26:39,59.9,-0.02,37,221656,卖盘
11:26:42,59.9,0.0,100,599000,卖盘
11:26:45,59.9,0.0,46,275556,卖盘
11:26:49,59.9,0.0,82,491214,卖盘
11:26:51,59.93,0.03,16,95858,买盘
11:26:54,59.92,-0.01,10,59921,中性盘
11:26:58,59.92,0.0,13,77890,买盘
11:27:00,59.92,0.0,57,341525,买盘
11:27:04,59.93,0.01,13,77897,买盘
11:27:07,59.92,-0.01,83,497334,卖盘
11:27:10,59.92,0.0,28,167786,卖盘
11:27:13,59.95,0.03,172,1033361,买盘
11:27:16,59.95,0.0,23,137885,卖盘
11:27:19,59.95,0.0,13,77935,卖盘
11:27:21,59.97,0.02,43,257857,买盘
11:27:24,59.95,-0.02,319,1912455,卖盘
11:27:28,59.97,0.02,29,173878,买盘
11:27:31,59.96,-0.01,21,125937,中性盘
11:27:33,59.97,0.01,10,59967,中性盘
11:27:37,59.98,0.01,20,119939,买盘
11:27:40,59.97,-0.01,15,89959,卖盘
11:27:43,59.98,0.01,40,239879,买盘
11:27:46,59.98,0.0,1,5998,卖盘
11:27:49,59.99,0.01,58,347932,买盘
11:27:52,59.98,-0.01,37,221934,卖盘
11:27:55,59.99,0.01,106,635796,买盘
11:27:58,59.98,-0.01,366,2194476,卖盘
11:28:01,59.98,0.0,188,1126886,买盘
11:28:04,59.98,0.0,138,827580,买盘
11:28:07,59.98,0.0,31,185883,买盘
11:28:10,59.98,0.0,70,419573,买盘
11:28:12,59.97,-0.01,32,191868,中性盘
11:28:16,59.98,0.01,86,515615,买盘
11:28:18,59.98,0.0,10,59943,买盘
11:28:21,59.93,-0.05,59,353659,卖盘
11:28:25,59.93,0.0,42,251855,卖盘
11:28:28,59.94,0.01,20,119876,中性盘
11:28:30,59.95,0.01,82,491517,中性盘
11:28:34,59.95,0.0,27,161815,买盘
11:28:36,59.95,0.0,34,203805,买盘
11:28:40,59.95,0.0,16,95920,买盘
11:28:43,59.98,0.03,43,257767,买盘
11:28:46,59.95,-0.03,54,323730,卖盘
11:28:48,59.95,0.0,35,209800,买盘
11:28:52,59.95,0.0,24,143880,买盘
11:28:54,59.98,0.03,66,395700,买盘
11:28:57,59.95,-0.03,30,179850,卖盘
11:29:01,59.99,0.04,129,773722,买盘
11:29:04,59.95,-0.04,24,143896,卖盘
11:29:07,59.98,0.03,66,395694,买盘
11:29:10,59.96,-0.02,43,257877,中性盘
11:29:12,59.98,0.02,231,1384780,买盘
11:29:15,59.98,0.0,34,203905,中性盘
11:29:19,59.96,-0.02,35,209885,卖盘
11:29:22,59.98,0.02,25,149940,买盘
11:29:25,59.97,-0.01,47,281855,卖盘
11:29:28,59.98,0.01,36,215928,买盘
11:29:30,59.96,-0.02,27,161901,卖盘
11:29:33,59.95,-0.01,113,679102,卖盘
11:29:37,59.95,0.0,72,431698,卖盘
11:29:40,59.96,0.01,127,761468,买盘
11:29:43,59.96,0.0,30,179880,卖盘
11:29:45,59.96,0.0,42,251876,卖盘
11:29:48,59.97,0.01,61,365706,中性盘
11:29:52,59.96,-0.01,95,569683,卖盘
11:29:54,59.96,0.0,108,647527,卖盘
11:29:57,59.98,0.02,139,833582,买盘
11:30:00,59.98,0.0,87,521826,卖盘
13:00:01,59.98,0.0,47,281935,卖盘
13:00:04,59.99,0.01,1534,9198852,买盘
13:00:07,60.0,0.01,880,5279316,买盘
13:00:10,60.0,0.0,740,4439908,买盘
13:00:12,60.0,0.0,483,2895057,卖盘
13:00:16,60.02,0.02,89,534109,买盘
13:00:18,60.03,0.01,62,371290,卖盘
13:00:22,60.05,0.02,20,120092,买盘
13:00:24,60.05,0.0,53,318264,买盘
13:00:27,60.07,0.02,21,126118,买盘
13:00:31,60.04,-0.03,78,468163,卖盘
13:00:34,60.05,0.01,22,132126,中性盘
13:00:36,60.07,0.02,317,1903142,买盘
13:00:39,60.07,0.0,58,350324,买盘
13:00:42,60.07,0.0,41,246289,买盘
13:00:45,60.07,0.0,20,120140,卖盘
13:00:49,60.07,0.0,130,780943,卖盘
13:00:52,60.07,0.0,161,967465,卖盘
13:00:54,60.1,0.03,138,829246,买盘
13:00:57,60.07,-0.03,38,231359,卖盘
13:01:00,60.1,0.03,20,120173,买盘
13:01:04,60.07,-0.03,156,937436,卖盘
13:01:07,60.07,0.0,57,342520,卖盘
13:01:10,60.1,0.03,36,216319,买盘
13:01:13,60.08,-0.02,160,961617,卖盘
13:01:16,60.07,-0.01,46,276372,卖盘
13:01:18,60.1,0.03,158,948976,买盘
13:01:22,60.1,0.0,30,177312,买盘
13:01:25,60.07,-0.03,29,174272,中性盘
13:01:28,60.07,0.0,46,276480,买盘
13:01:30,60.1,0.03,47,282384,买盘
13:01:33,60.06,-0.04,38,228255,卖盘
13:01:37,60.06,0.0,14,84048,买盘
13:01:39,60.06,0.0,32,192194,买盘
13:01:42,60.04,-0.02,7,42021,中性盘
13:01:45,60.06,0.02,50,300117,买盘
13:01:49,60.02,-0.04,24,144093,卖盘
13:01:51,60.06,0.04,56,336122,买盘
13:01:54,60.06,0.0,29,174172,买盘
13:01:58,60.06,0.0,45,270270,卖盘
13:02:01,60.06,0.0,48,288294,卖盘
13:02:04,60.06,0.0,63,378328,买盘
13:02:06,60.06,0.0,48,288225,买盘
13:02:10,60.05,-0.01,22,132079,中性盘
13:02:13,60.02,-0.03,136,816654,卖盘
13:02:16,60.01,-0.01,62,372102,卖盘
13:02:18,60.05,0.04,85,510250,买盘
13:02:21,60.05,0.0,21,126106,卖盘
13:02:25,60.05,0.0,60,360300,卖盘
13:02:28,60.02,-0.03,34,204132,卖盘
13:02:31,60.01,-0.01,57,342165,卖盘
13:02:34,60.02,0.01,153,918288,买盘
13:02:36,60.05,0.03,41,246130,买盘
13:02:40,60.02,-0.03,19,114038,中性盘
13:02:42,60.02,0.0,15,90042,卖盘
13:02:45,60.02,0.0,27,162082,卖盘
13:02:48,60.03,0.01,15,90040,中性盘
13:02:51,60.03,0.0,72,432191,卖盘
13:02:54,60.02,-0.01,21,126051,卖盘
13:02:58,60.03,0.01,12,70282,买盘
13:03:01,60.02,-0.01,59,358695,卖盘
13:03:05,60.03,0.01,91,546203,买盘
13:03:06,60.02,-0.01,114,679997,卖盘
13:03:10,60.02,0.0,443,2660447,买盘
13:03:13,60.01,-0.01,50,300008,中性盘
13:03:15,60.02,0.01,298,1788451,买盘
13:03:18,60.02,0.0,154,924310,卖盘
13:03:22,60.02,0.0,29,174058,卖盘
13:03:24,60.02,0.0,20,120056,卖盘
13:03:27,60.02,0.0,17,102040,卖盘
13:03:30,60.01,-0.01,7,42011,卖盘
13:03:34,60.02,0.01,52,310827,买盘
13:03:36,60.02,0.0,63,380245,买盘
13:03:40,60.02,0.0,24,144054,卖盘
13:03:43,60.02,0.0,42,252085,卖盘
13:03:45,60.03,0.01,27,162063,买盘
13:03:48,60.02,-0.01,35,210074,卖盘
13:03:52,60.03,0.01,21,126058,买盘
13:03:54,60.03,0.0,116,696294,买盘
13:03:58,60.03,0.0,54,324127,买盘
13:04:00,60.03,0.0,71,426163,买盘
13:04:04,60.04,0.01,98,588348,买盘
13:04:07,60.03,-0.01,61,366189,卖盘
13:04:10,60.05,0.02,336,2017565,买盘
13:04:13,60.03,-0.02,45,270157,卖盘
13:04:15,60.04,0.01,4,26118,卖盘
13:04:19,60.05,0.01,42,252203,买盘
13:04:21,60.05,0.0,29,174130,卖盘
13:04:24,60.06,0.01,14,84072,买盘
13:04:28,60.04,-0.02,108,648540,卖盘
13:04:30,60.03,-0.01,234,1404767,卖盘
13:04:33,60.02,-0.01,273,1638919,卖盘
13:04:37,60.04,0.02,12,72050,卖盘
13:04:40,60.05,0.01,136,816237,买盘
13:04:42,60.02,-0.03,18,108054,卖盘
13:04:46,60.04,0.02,42,249162,买盘
13:04:49,60.03,-0.01,13,78040,卖盘
13:04:52,60.04,0.01,61,366227,买盘
13:04:55,60.03,-0.01,20,120076,卖盘
13:04:58,60.03,0.0,37,222115,卖盘
13:05:00,60.05,0.02,51,306152,买盘
13:05:05,60.03,-0.02,84,504301,卖盘
13:05:07,60.03,0.0,109,654318,买盘
13:05:10,60.03,0.0,40,240135,卖盘
13:05:12,60.05,0.02,71,426361,买盘
13:05:16,60.05,0.0,41,246235,卖盘
13:05:18,60.05,0.0,15,90075,卖盘
13:05:21,60.05,0.0,10,60052,卖盘
13:05:25,60.03,-0.02,16,96072,卖盘
13:05:28,60.06,0.03,26,156098,买盘
13:05:31,60.08,0.02,25,150167,买盘
13:05:34,60.05,-0.03,6,36033,卖盘
13:05:37,60.05,0.0,41,246237,卖盘
13:05:39,60.06,0.01,19,114107,买盘
13:05:42,60.06,0.0,28,168177,卖盘
13:05:45,60.06,0.0,40,240240,卖盘
13:05:48,60.07,0.01,65,390446,买盘
13:05:51,60.07,0.0,53,318340,买盘
13:05:55,60.07,0.0,21,126138,卖盘
13:05:57,60.07,0.0,39,234282,买盘
13:06:00,60.09,0.02,44,263127,买盘
13:06:04,60.07,-0.02,19,114121,卖盘
13:06:07,60.07,0.0,14,84089,买盘
13:06:10,60.07,0.0,70,420470,买盘
13:06:12,60.06,-0.01,73,438498,卖盘
13:06:16,60.07,0.01,83,498681,卖盘
13:06:18,60.07,0.0,40,240255,买盘
13:06:21,60.07,0.0,17,102116,买盘
13:06:24,60.08,0.01,22,132151,中性盘
13:06:28,60.08,0.0,20,120142,中性盘
13:06:31,60.09,0.01,63,378511,买盘
13:06:34,60.1,0.01,72,432651,买盘
13:06:37,60.1,0.0,31,186289,买盘
13:06:39,60.11,0.01,52,312517,买盘
13:06:42,60.1,-0.01,71,426777,卖盘
13:06:45,60.1,0.0,128,769312,卖盘
13:06:49,60.11,0.01,28,168316,卖盘
13:06:51,60.11,0.0,57,342665,卖盘
13:06:54,60.12,0.01,15,90169,买盘
13:06:58,60.11,-0.01,46,276540,卖盘
13:07:00,60.12,0.01,64,389241,买盘
13:07:04,60.12,0.0,51,306639,卖盘
13:07:06,60.12,0.0,32,192390,卖盘
13:07:09,60.12,0.0,35,210428,卖盘
13:07:12,60.12,0.0,52,308128,卖盘
13:07:15,60.12,0.0,103,619332,买盘
13:07:19,60.12,0.0,14,84169,卖盘
13:07:21,60.14,0.02,30,180391,买盘
13:07:24,60.12,-0.02,129,775526,卖盘
13:07:28,60.12,0.0,27,162347,卖盘
13:07:31,60.14,0.02,26,156358,买盘
13:07:33,60.13,-0.01,87,526863,中性盘
13:07:36,60.14,0.01,66,395296,买盘
13:07:39,60.14,0.0,210,1262940,卖盘
13:07:43,60.14,0.0,139,837566,卖盘
13:07:45,60.11,-0.03,39,233032,卖盘
13:07:48,60.14,0.03,32,192431,中性盘
13:07:52,60.14,0.0,35,210509,卖盘
13:07:55,60.14,0.0,7,42099,卖盘
13:07:57,60.15,0.01,36,216536,买盘
13:08:00,60.15,0.0,24,144349,中性盘
13:08:05,60.16,0.01,52,312820,买盘
13:08:07,60.16,0.0,34,204540,买盘
13:08:10,60.18,0.02,66,397071,买盘
13:08:13,60.15,-0.03,112,673667,卖盘
13:08:15,60.16,0.01,51,306802,买盘
13:08:19,60.16,0.0,16,96256,卖盘
13:08:22,60.16,0.0,23,138384,卖盘
13:08:25,60.16,0.0,90,541465,卖盘
13:08:27,60.15,-0.01,113,679771,卖盘
13:08:30,60.18,0.03,25,151201,买盘
13:08:33,60.16,-0.02,5,30085,卖盘
13:08:37,60.18,0.02,9,54156,买盘
13:08:40,60.18,0.0,75,448959,买盘
13:08:43,60.16,-0.02,522,3139876,卖盘
13:08:45,60.18,0.02,114,687706,买盘
13:08:48,60.18,0.0,15,90233,买盘
13:08:52,60.16,-0.02,360,2166244,卖盘
13:08:55,60.16,0.0,51,306813,买盘
13:08:57,60.16,0.0,2,12032,卖盘
13:09:00,60.19,0.03,23,138425,买盘
13:09:04,60.18,-0.01,47,282790,卖盘
13:09:07,60.18,0.0,20,120360,卖盘
13:09:10,60.16,-0.02,33,198211,卖盘
13:09:13,60.18,0.02,155,932901,买盘
13:09:16,60.18,0.0,52,312862,买盘
13:09:19,60.18,0.0,26,156444,买盘
13:09:21,60.16,-0.02,17,102296,卖盘
13:09:25,60.17,0.01,31,186529,中性盘
13:09:28,60.17,0.0,46,276788,卖盘
13:09:31,60.17,0.0,20,120339,卖盘
13:09:33,60.19,0.02,68,409227,买盘
13:09:36,60.19,0.0,22,132419,卖盘
13:09:39,60.19,0.0,19,114367,卖盘
13:09:42,60.19,0.0,115,692254,卖盘
13:09:45,60.19,0.0,22,132405,买盘
13:09:48,60.18,-0.01,47,283309,卖盘
13:09:51,60.2,0.02,45,269360,买盘
13:09:54,60.2,0.0,84,505670,买盘
13:09:57,60.2,0.0,133,800628,买盘
13:10:00,60.19,-0.01,52,313049,卖盘
13:10:04,60.21,0.02,32,192655,买盘
13:10:06,60.2,-0.01,46,276947,卖盘
13:10:09,60.22,0.02,39,234820,买盘
13:10:12,60.21,-0.01,46,276948,买盘
13:10:16,60.21,0.0,42,252850,买盘
13:10:19,60.21,0.0,19,114399,买盘
13:10:22,60.22,0.01,66,397389,买盘
13:10:24,60.21,-0.01,20,120431,卖盘
13:10:27,60.21,0.0,69,415515,卖盘
13:10:31,60.22,0.01,35,210750,买盘
13:10:33,60.22,0.0,152,915202,买盘
13:10:37,60.21,-0.01,18,108391,卖盘
13:10:40,60.22,0.01,9,54194,中性盘
13:10:42,60.23,0.01,27,162612,买盘
13:10:46,60.24,0.01,49,295132,买盘
13:10:49,60.23,-0.01,24,144541,卖盘
13:10:52,60.24,0.01,28,168654,买盘
13:10:55,60.24,0.0,57,343336,买盘
13:10:57,60.24,0.0,30,180717,买盘
13:11:01,60.24,0.0,35,210841,买盘
13:11:05,60.23,-0.01,76,457804,卖盘
13:11:07,60.23,0.0,68,409599,卖盘
13:11:10,60.23,0.0,62,373417,买盘
13:11:12,60.23,0.0,38,228871,买盘
13:11:15,60.21,-0.02,215,1294675,卖盘
13:11:19,60.24,0.03,206,1240509,买盘
13:11:21,60.23,-0.01,23,138530,中性盘
13:11:24,60.23,0.0,124,746850,卖盘
13:11:28,60.2,-0.03,187,1125741,卖盘
13:11:31,60.2,0.0,103,620045,买盘
13:11:33,60.2,0.0,23,138453,买盘
13:11:37,60.21,0.01,42,252818,买盘
13:11:39,60.2,-0.01,174,1048842,中性盘
13:11:43,60.2,0.0,80,481472,买盘
13:11:45,60.19,-0.01,49,294963,卖盘
13:11:49,60.18,-0.01,179,1078432,卖盘
13:11:51,60.18,0.0,34,204618,卖盘
13:11:55,60.17,-0.01,20,119518,卖盘
13:11:58,60.18,0.01,30,180547,卖盘
13:12:01,60.18,0.0,25,151283,买盘
13:12:05,60.18,0.0,41,246727,买盘
13:12:07,60.17,-0.01,9,54157,卖盘
13:12:10,60.16,-0.01,123,739552,卖盘
13:12:12,60.16,0.0,31,186478,买盘
13:12:15,60.16,0.0,2,12032,买盘
13:12:18,60.15,-0.01,43,258653,卖盘
13:12:22,60.16,0.01,393,2364771,买盘
13:12:25,60.16,0.0,67,403074,卖盘
13:12:27,60.17,0.01,64,385080,买盘
13:12:31,60.17,0.0,34,204560,卖盘
13:12:34,60.17,0.0,39,234646,买盘
13:12:37,60.17,0.0,121,728007,买盘
13:12:39,60.17,0.0,95,571538,买盘
13:12:43,60.17,0.0,60,360978,买盘
13:12:45,60.16,-0.01,50,300834,卖盘
13:12:48,60.16,0.0,149,896426,卖盘
13:12:51,60.17,0.01,44,264721,卖盘
13:12:54,60.16,-0.01,19,114314,卖盘
13:12:57,60.15,-0.01,530,3188124,卖盘
13:13:00,60.15,0.0,278,1672117,买盘
13:13:04,60.13,-0.02,151,907977,卖盘
13:13:06,60.13,0.0,39,234493,卖盘
13:13:09,60.12,-0.01,149,895595,买盘
13:13:13,60.12,0.0,73,438886,买盘
13:13:15,60.11,-0.01,37,222412,卖盘
13:13:19,60.11,0.0,21,126233,卖盘
13:13:21,60.11,0.0,65,390823,卖盘
13:13:25,60.11,0.0,33,198364,卖盘
13:13:28,60.09,-0.02,391,2349904,卖盘
13:13:30,60.09,0.0,59,354553,卖盘
13:13:33,60.1,0.01,4,24040,买盘
13:13:37,60.1,0.0,4,24039,买盘
13:13:39,60.1,0.0,41,246392,买盘
13:13:43,60.1,0.0,174,1045735,买盘
13:13:45,60.1,0.0,32,192320,卖盘
13:13:48,60.1,0.0,57,342568,卖盘
13:13:52,60.12,0.02,67,402716,买盘
13:13:55,60.11,-0.01,52,312549,卖盘
13:13:57,60.11,0.0,9,54100,卖盘
13:14:01,60.11,0.0,14,84155,卖盘
13:14:04,60.11,0.0,20,120220,卖盘
13:14:07,60.13,0.02,148,889846,买盘
13:14:10,60.13,0.0,18,108234,卖盘
13:14:13,60.15,0.02,315,1891442,买盘
13:14:16,60.15,0.0,35,210528,卖盘
13:14:18,60.16,0.01,143,859693,买盘
13:14:21,60.12,-0.04,20,120270,卖盘
13:14:24,60.12,0.0,78,468900,卖盘
13:14:28,60.15,0.03,32,192383,买盘
13:14:30,60.12,-0.03,15,90178,买盘
13:14:33,60.12,0.0,72,432883,买盘
13:14:37,60.12,0.0,20,120240,卖盘
13:14:40,60.12,0.0,28,168340,卖盘
13:14:42,60.14,0.02,88,529096,买盘
13:14:45,60.12,-0.02,63,378752,卖盘
13:14:49,60.11,-0.01,21,126261,卖盘
13:14:52,60.12,0.01,263,1580985,买盘
13:14:54,60.11,-0.01,83,498971,卖盘
13:14:58,60.11,0.0,25,150296,卖盘
13:15:01,60.13,0.02,56,336739,中性盘
13:15:05,60.12,-0.01,17,102194,中性盘
13:15:07,60.11,-0.01,40,240444,卖盘
13:15:10,60.12,0.01,67,402795,买盘
13:15:12,60.12,0.0,15,90186,卖盘
13:15:16,60.12,0.0,17,102211,卖盘
13:15:18,60.12,0.0,47,282582,卖盘
13:15:22,60.13,0.01,17,102219,买盘
13:15:24,60.13,0.0,8,48104,卖盘
13:15:28,60.14,0.01,25,150332,买盘
13:15:31,60.13,-0.01,7,42091,卖盘
13:15:34,60.14,0.01,7,42098,买盘
13:15:37,60.13,-0.01,5,30067,卖盘
13:15:39,60.14,0.01,217,1304897,买盘
13:15:42,60.13,-0.01,44,264607,卖盘
13:15:46,60.14,0.01,47,282658,中性盘
13:15:48,60.14,0.0,11,66154,卖盘
13:15:52,60.15,0.01,73,439069,买盘
13:15:55,60.15,0.0,14,84210,卖盘
13:15:57,60.15,0.0,35,210525,卖盘
13:16:01,60.14,-0.01,22,132299,卖盘
13:16:04,60.15,0.01,59,354846,买盘
13:16:07,60.14,-0.01,33,198474,卖盘
13:16:10,60.14,0.0,15,90210,卖盘
13:16:12,60.14,0.0,11,66158,卖盘
13:16:16,60.14,0.0,27,162393,卖盘
13:16:18,60.15,0.01,28,168401,买盘
13:16:22,60.15,0.0,386,2321048,买盘
13:16:25,60.15,0.0,66,396937,买盘
13:16:27,60.15,0.0,12,72180,卖盘
13:16:30,60.14,-0.01,12,72178,卖盘
13:16:34,60.13,-0.01,74,445097,卖盘
13:16:37,60.12,-0.01,44,264543,卖盘
13:16:39,60.13,0.01,9,54116,买盘
13:16:43,60.13,0.0,19,114247,卖盘
13:16:46,60.14,0.01,15,90199,买盘
13:16:48,60.14,0.0,80,483529,买盘
13:16:52,60.14,0.0,7,42098,卖盘
13:16:55,60.14,0.0,2,12028,卖盘
13:16:58,60.14,0.0,24,144339,卖盘
13:17:01,60.15,0.01,44,264635,买盘
13:17:04,60.14,-0.01,73,439028,卖盘
13:17:07,60.14,0.0,25,150351,卖盘
13:17:09,60.14,0.0,304,1826756,卖盘
13:17:12,60.14,0.0,856,5147804,卖盘
13:17:15,60.12,-0.02,63,377883,卖盘
13:17:19,60.14,0.02,121,728439,买盘
13:17:21,60.14,0.0,32,192428,买盘
13:17:24,60.14,0.0,4,24055,买盘
13:17:27,60.14,0.0,3,18042,买盘
13:17:30,60.14,0.0,75,451054,买盘
13:17:33,60.13,-0.01,58,348811,卖盘
13:17:37,60.15,0.02,245,1473599,买盘
13:17:40,60.15,0.0,24,144360,卖盘
13:17:42,60.16,0.01,9,54138,买盘
13:17:46,60.16,0.0,78,469248,买盘
13:17:49,60.16,0.0,10,60160,卖盘
13:17:51,60.16,0.0,7,42112,卖盘
13:17:55,60.16,0.0,17,102276,卖盘
13:17:58,60.17,0.01,13,78215,买盘
13:18:01,60.17,0.0,87,523407,买盘
13:18:04,60.16,-0.01,27,162454,卖盘
13:18:07,60.16,0.0,55,330968,卖盘
13:18:10,60.16,0.0,51,306810,卖盘
13:18:12,60.16,0.0,4,24065,中性盘
13:18:16,60.17,0.01,74,445250,买盘
13:18:18,60.17,0.0,17,102289,卖盘
13:18:21,60.17,0.0,1,6017,卖盘
13:18:24,60.17,0.0,15,90255,卖盘
13:18:27,60.17,0.0,197,1185359,卖盘
13:18:31,60.16,-0.01,31,186507,卖盘
13:18:34,60.17,0.01,3,18051,买盘
13:18:36,60.16,-0.01,25,150405,卖盘
13:18:40,60.18,0.02,101,607799,买盘
13:18:42,60.18,0.0,45,270833,卖盘
13:18:45,60.18,0.0,65,391170,卖盘
13:18:48,60.17,-0.01,37,222652,卖盘
13:18:51,60.16,-0.01,25,152347,卖盘
13:18:54,60.17,0.01,26,156443,卖盘
13:18:58,60.17,0.0,30,180537,卖盘
13:19:00,60.17,0.0,35,210606,卖盘
13:19:04,60.17,0.0,69,415153,买盘
13:19:07,60.17,0.0,40,240664,买盘
13:19:10,60.15,-0.02,158,948596,卖盘
13:19:12,60.16,0.01,20,120305,买盘
13:19:16,60.15,-0.01,17,102270,卖盘
13:19:18,60.15,0.0,595,3578874,卖盘
13:19:22,60.15,0.0,115,691548,买盘
13:19:24,60.15,0.0,27,162388,买盘
13:19:28,60.13,-0.02,259,1557536,卖盘
13:19:30,60.13,0.0,33,198443,卖盘
13:19:33,60.13,0.0,23,140351,卖盘
13:19:37,60.15,0.02,37,222519,买盘
13:19:40,60.15,0.0,44,264652,买盘
13:19:43,60.13,-0.02,461,2772722,卖盘
13:19:45,60.14,0.01,117,703621,买盘
13:19:48,60.14,0.0,339,2038433,买盘
13:19:51,60.14,0.0,59,354786,卖盘
13:19:54,60.13,-0.01,31,186422,卖盘
13:19:58,60.15,0.02,23,138318,买盘
13:20:00,60.13,-0.02,36,216485,卖盘
13:20:04,60.13,0.0,51,306681,卖盘
13:20:07,60.13,0.0,88,529154,卖盘
13:20:10,60.13,0.0,50,300684,卖盘
13:20:13,60.14,0.01,25,150350,买盘
13:20:15,60.13,-0.01,156,938044,卖盘
13:20:19,60.13,0.0,75,450979,卖盘
13:20:22,60.14,0.01,20,120265,买盘
13:20:24,60.13,-0.01,14,84183,卖盘
13:20:27,60.13,0.0,9,54658,卖盘
13:20:30,60.13,0.0,15,87496,卖盘
13:20:33,60.13,0.0,59,353989,卖盘
13:20:36,60.13,0.0,26,156328,买盘
13:20:39,60.13,0.0,29,174354,买盘
13:20:42,60.14,0.01,133,800649,买盘
13:20:46,60.14,0.0,117,703621,买盘
13:20:49,60.13,-0.01,43,258590,卖盘
13:20:52,60.13,0.0,10,60135,卖盘
13:20:55,60.14,0.01,18,108243,买盘
13:20:58,60.14,0.0,56,336775,买盘
13:21:01,60.14,0.0,49,294661,买盘
13:21:04,60.14,0.0,28,168398,卖盘
13:21:07,60.14,0.0,6,36085,卖盘
13:21:10,60.13,-0.01,33,198454,卖盘
13:21:13,60.14,0.01,84,505129,买盘
13:21:15,60.13,-0.01,37,222506,卖盘
13:21:19,60.14,0.01,20,120279,买盘
13:21:21,60.15,0.01,692,4165534,买盘
13:21:24,60.15,0.0,69,415036,卖盘
13:21:28,60.15,0.0,45,270694,卖盘
13:21:31,60.16,0.01,10,60151,买盘
13:21:34,60.15,-0.01,21,126323,卖盘
13:21:37,60.15,0.0,34,204514,卖盘
13:21:39,60.15,0.0,42,252631,卖盘
13:21:43,60.15,0.0,40,235859,卖盘
13:21:45,60.16,0.01,104,625631,买盘
13:21:48,60.16,0.0,31,186480,买盘
13:21:51,60.16,0.0,104,625600,买盘
13:21:55,60.15,-0.01,172,1034759,卖盘
13:21:58,60.16,0.01,55,334777,买盘
13:22:01,60.17,0.01,32,192498,买盘
13:22:05,60.16,-0.01,37,222592,卖盘
13:22:07,60.16,0.0,44,264414,卖盘
13:22:10,60.15,-0.01,73,439157,卖盘
13:22:13,60.17,0.02,13,78209,买盘
13:22:16,60.15,-0.02,263,1582369,卖盘
13:22:18,60.15,0.0,44,264632,买盘
13:22:22,60.15,0.0,148,889925,买盘
13:22:24,60.16,0.01,38,228583,买盘
13:22:28,60.17,0.01,110,661789,买盘
13:22:31,60.15,-0.02,134,806337,卖盘
13:22:33,60.15,0.0,47,282695,买盘
13:22:37,60.15,0.0,81,487155,买盘
13:22:39,60.15,0.0,55,330790,买盘
13:22:43,60.15,0.0,91,547038,买盘
13:22:46,60.13,-0.02,243,1460783,卖盘
13:22:49,60.15,0.02,36,216441,买盘
13:22:51,60.15,0.0,83,499179,买盘
13:22:54,60.15,0.0,69,415036,卖盘
13:22:58,60.15,0.0,151,908178,卖盘
13:23:00,60.1,-0.05,64,384821,卖盘
13:23:05,60.13,0.03,48,288688,中性盘
13:23:07,60.13,0.0,21,126259,买盘
13:23:10,60.15,0.02,51,306645,买盘
13:23:12,60.15,0.0,24,144323,买盘
13:23:15,60.15,0.0,40,240595,买盘
13:23:18,60.13,-0.02,20,120294,卖盘
13:23:21,60.15,0.02,9,54133,中性盘
13:23:25,60.15,0.0,272,1636090,卖盘
13:23:28,60.15,0.0,55,330834,卖盘
13:23:31,60.16,0.01,90,541410,买盘
13:23:33,60.16,0.0,45,270718,买盘
13:23:37,60.16,0.0,36,216576,卖盘
13:23:40,60.16,0.0,72,433153,卖盘
13:23:43,60.16,0.0,373,2243666,卖盘
13:23:46,60.17,0.01,107,643758,买盘
13:23:49,60.16,-0.01,57,342947,卖盘
13:23:51,60.16,0.0,30,180480,卖盘
13:23:54,60.16,0.0,86,517394,卖盘
13:23:57,60.16,0.0,39,234608,中性盘
13:24:00,60.15,-0.01,70,421088,卖盘
13:24:05,60.15,0.0,61,366941,卖盘
13:24:07,60.15,0.0,130,781947,卖盘
13:24:10,60.14,-0.01,39,234529,卖盘
13:24:12,60.14,0.0,82,493107,买盘
13:24:16,60.15,0.01,157,944023,买盘
13:24:18,60.15,0.0,89,535345,卖盘
13:24:22,60.14,-0.01,45,270658,卖盘
13:24:25,60.11,-0.03,84,505056,卖盘
13:24:28,60.14,0.03,25,150331,买盘
13:24:31,60.13,-0.01,12,72147,中性盘
13:24:34,60.15,0.02,120,721726,买盘
13:24:37,60.13,-0.02,32,192423,卖盘
13:24:39,60.14,0.01,38,228490,买盘
13:24:43,60.14,0.0,107,643338,买盘
13:24:46,60.14,0.0,175,1052268,买盘
13:24:49,60.14,0.0,30,180406,买盘
13:24:52,60.14,0.0,125,751697,卖盘
13:24:54,60.14,0.0,77,463136,买盘
13:24:57,60.15,0.01,37,222531,买盘
13:25:00,60.12,-0.03,276,1659582,卖盘
13:25:04,60.13,0.01,53,318655,买盘
13:25:07,60.13,0.0,14,84118,买盘
13:25:10,60.12,-0.01,22,132328,卖盘
13:25:12,60.11,-0.01,17,102195,卖盘
13:25:16,60.11,0.0,23,138275,卖盘
13:25:19,60.11,0.0,227,1364496,卖盘
13:25:21,60.11,0.0,62,372644,买盘
13:25:25,60.1,-0.01,48,288488,卖盘
13:25:28,60.11,0.01,57,342606,买盘
13:25:30,60.1,-0.01,296,1778980,卖盘
13:25:33,60.1,0.0,299,1797000,卖盘
13:25:36,60.1,0.0,714,4288420,卖盘
13:25:39,60.1,0.0,97,582909,买盘
13:25:43,60.1,0.0,25,150230,买盘
13:25:45,60.1,0.0,31,186287,买盘
13:25:48,60.09,-0.01,47,282409,卖盘
13:25:52,60.08,-0.01,130,781165,卖盘
13:25:55,60.09,0.01,32,192265,买盘
13:25:58,60.08,-0.01,40,240300,卖盘
13:26:01,60.08,0.0,71,426570,买盘
13:26:05,60.07,-0.01,47,282350,卖盘
13:26:07,60.07,0.0,14,84518,卖盘
13:26:10,60.05,-0.02,102,612625,卖盘
13:26:12,60.07,0.02,32,192180,买盘
13:26:16,60.05,-0.02,17,102099,卖盘
13:26:18,60.06,0.01,41,246219,中性盘
13:26:21,60.07,0.01,88,528530,买盘
13:26:24,60.05,-0.02,68,408403,卖盘
13:26:28,60.06,0.01,27,162159,中性盘
13:26:31,60.06,0.0,22,132134,卖盘
13:26:34,60.06,0.0,18,108104,卖盘
13:26:36,60.06,0.0,30,180180,卖盘
13:26:40,60.07,0.01,280,1681840,买盘
13:26:42,60.07,0.0,78,468546,卖盘
13:26:46,60.07,0.0,6,36042,卖盘
13:26:49,60.07,0.0,141,847113,卖盘
13:26:52,60.07,0.0,191,1147385,卖盘
13:26:55,60.07,0.0,87,522628,卖盘
13:26:58,60.07,0.0,35,210252,卖盘
13:27:00,60.08,0.01,41,246322,中性盘
13:27:04,60.08,0.0,73,438468,卖盘
13:27:07,60.07,-0.01,21,126139,买盘
13:27:10,60.06,-0.01,19,114114,卖盘
13:27:12,60.06,0.0,67,402444,卖盘
13:27:15,60.07,0.01,69,414428,买盘
13:27:18,60.07,0.0,41,246247,卖盘
13:27:21,60.07,0.0,64,384424,卖盘
13:27:24,60.07,0.0,13,78091,卖盘
13:27:27,60.08,0.01,75,450532,买盘
13:27:31,60.08,0.0,64,384501,买盘
13:27:33,60.08,0.0,27,162211,买盘
13:27:37,60.07,-0.01,36,216260,卖盘
13:27:40,60.07,0.0,32,192224,买盘
13:27:43,60.07,0.0,28,168191,买盘
13:27:45,60.07,0.0,45,270291,买盘
13:27:49,60.07,0.0,90,540601,买盘
13:27:51,60.06,-0.01,19,114119,卖盘
13:27:55,60.06,0.0,70,420455,卖盘
13:27:57,60.07,0.01,31,186188,买盘
13:28:01,60.06,-0.01,63,378399,卖盘
13:28:04,60.06,0.0,32,192185,买盘
13:28:07,60.06,0.0,13,78068,买盘
13:28:10,60.06,0.0,244,1465241,买盘
13:28:12,60.05,-0.01,228,1369335,卖盘
13:28:16,60.05,0.0,37,221697,卖盘
13:28:18,60.05,0.0,39,234183,买盘
13:28:22,60.05,0.0,59,354253,买盘
13:28:24,60.05,0.0,29,174141,买盘
13:28:27,60.05,0.0,118,708549,买盘
13:28:30,60.05,0.0,56,336240,买盘
13:28:33,60.05,0.0,58,348244,买盘
13:28:36,60.05,0.0,59,354274,买盘
13:28:39,60.05,0.0,113,678491,买盘
13:28:43,60.05,0.0,169,1014701,买盘
13:28:46,60.05,0.0,66,396298,买盘
13:28:49,60.04,-0.01,32,192142,卖盘
13:28:51,60.05,0.01,80,480348,买盘
