time,price,change,volume,amount,type
09:25:01,61.5,-1.23,12247,75319050,卖盘
09:30:01,61.5,0.0,829,5096976,买盘
09:30:04,61.52,0.02,3928,24160019,买盘
09:30:07,61.51,-0.01,1238,7619484,卖盘
09:30:10,61.5,-0.01,1104,6794905,卖盘
09:30:12,61.66,0.16,658,4051084,买盘
09:30:16,61.55,-0.11,525,3234208,卖盘
09:30:19,61.66,0.11,100,616727,中性盘
09:30:22,61.79,0.13,701,4321810,买盘
09:30:25,61.7,-0.09,100,617446,卖盘
09:30:28,61.85,0.15,45,277900,买盘
09:30:31,61.91,0.06,60,371148,买盘
09:30:34,61.84,-0.07,256,1583531,卖盘
09:30:36,61.84,0.0,429,2652835,买盘
09:30:39,61.85,0.01,907,5609072,买盘
09:30:42,61.9,0.05,341,2109764,买盘
09:30:46,61.9,0.0,162,1002785,买盘
09:30:48,61.93,0.03,86,532575,买盘
09:30:51,61.98,0.05,125,774443,买盘
09:30:54,61.97,-0.01,574,3555873,卖盘
09:30:58,61.98,0.01,291,1803060,买盘
09:31:01,61.9,-0.08,686,4244651,卖盘
09:31:04,61.96,0.06,910,5634672,买盘
09:31:06,61.99,0.03,913,5658966,买盘
09:31:10,61.98,-0.01,403,2498413,卖盘
09:31:12,61.98,0.0,766,4745547,卖盘
09:31:15,62.0,0.02,409,2534474,买盘
09:31:19,62.0,0.0,135,836913,买盘
09:31:21,62.04,0.04,354,2196571,买盘
09:31:25,62.0,-0.04,439,2721950,卖盘
09:31:27,62.01,0.01,595,3689120,买盘
09:31:30,62.01,0.0,252,1562803,卖盘
09:31:34,62.05,0.04,2118,13139911,买盘
09:31:36,62.05,0.0,475,2945498,卖盘
09:31:40,62.0,-0.05,655,4061192,卖盘
09:31:42,62.1,0.1,878,5446456,买盘
09:31:46,61.99,-0.11,930,5768362,卖盘
09:31:49,62.1,0.11,464,2878449,中性盘
09:31:52,62.1,0.0,120,745191,卖盘
09:31:55,62.12,0.02,223,1385104,买盘
09:31:57,62.11,-0.01,272,1689282,中性盘
09:32:00,62.13,0.02,185,1149531,买盘
09:32:04,62.15,0.02,482,2994517,中性盘
09:32:07,62.06,-0.09,1103,6849885,卖盘
09:32:10,62.06,0.0,343,2128771,买盘
09:32:12,62.06,0.0,204,1266491,买盘
09:32:16,62.05,-0.01,428,2656349,卖盘
09:32:18,62.1,0.05,419,2595458,买盘
09:32:22,62.09,-0.01,164,1018071,中性盘
09:32:24,62.08,-0.01,150,930986,中性盘
09:32:28,62.09,0.01,41,254589,买盘
09:32:31,62.1,0.01,109,676746,买盘
09:32:34,62.08,-0.02,190,1179447,卖盘
09:32:37,62.08,0.0,225,1396600,买盘
09:32:40,62.03,-0.05,552,3429928,卖盘
09:32:43,62.08,0.05,192,1191615,买盘
09:32:46,62.08,0.0,444,2755097,买盘
09:32:49,62.03,-0.05,215,1333835,卖盘
09:32:51,62.05,0.02,222,1377298,中性盘
09:32:54,62.03,-0.02,479,2970306,卖盘
09:32:58,62.0,-0.03,917,5685916,卖盘
09:33:01,62.0,0.0,545,3379617,买盘
09:33:04,61.97,-0.03,619,3836875,卖盘
09:33:07,61.98,0.01,508,3148148,买盘
09:33:10,62.03,0.05,294,1822951,买盘
09:33:12,61.95,-0.08,573,3550780,卖盘
09:33:16,61.9,-0.05,975,6038151,卖盘
09:33:19,61.95,0.05,414,2563786,买盘
09:33:22,61.95,0.0,140,867820,卖盘
09:33:25,61.95,0.0,245,1516592,卖盘
09:33:28,61.9,-0.05,155,959758,卖盘
09:33:31,61.91,0.01,394,2439061,买盘
09:33:34,61.88,-0.03,240,1485466,卖盘
09:33:36,61.94,0.06,680,4208112,买盘
09:33:40,61.89,-0.05,482,2984283,卖盘
09:33:42,61.94,0.05,215,1330727,中性盘
09:33:46,61.9,-0.04,241,1491229,卖盘
09:33:49,61.89,-0.01,210,1300188,卖盘
09:33:52,61.92,0.03,427,2642742,中性盘
09:33:55,61.95,0.03,88,544949,买盘
09:33:58,61.88,-0.07,272,1683685,卖盘
09:34:00,61.9,0.02,70,433332,中性盘
09:34:04,61.89,-0.01,354,2191093,卖盘
09:34:07,61.9,0.01,297,1838560,买盘
09:34:10,61.9,0.0,164,1015064,买盘
09:34:13,61.95,0.05,148,916382,买盘
09:34:15,61.89,-0.06,821,5082631,卖盘
09:34:19,61.89,0.0,644,3985382,买盘
09:34:22,61.9,0.01,354,2190772,买盘
09:34:25,61.9,0.0,46,284732,买盘
09:34:27,61.9,0.0,194,1200818,买盘
09:34:31,61.9,0.0,602,3725823,买盘
09:34:34,61.9,0.0,816,5050195,买盘
09:34:37,61.91,0.01,199,1228218,买盘
09:34:40,61.91,0.0,43,266211,卖盘
09:34:42,61.91,0.0,55,340498,卖盘
09:34:46,61.91,0.0,401,2482431,买盘
09:34:48,61.91,0.0,468,2897010,买盘
09:34:51,61.94,0.03,278,1721049,买盘
09:34:54,61.91,-0.03,187,1157791,卖盘
09:34:58,61.93,0.02,187,1157848,中性盘
09:35:01,61.92,-0.01,419,2593986,中性盘
09:35:05,61.92,0.0,156,966005,卖盘
09:35:07,61.91,-0.01,418,2587759,卖盘
09:35:10,61.92,0.01,189,1170226,买盘
09:35:13,61.93,0.01,89,551076,买盘
09:35:15,61.92,-0.01,503,3117914,卖盘
09:35:19,61.93,0.01,132,813877,买盘
09:35:22,61.95,0.02,136,842423,买盘
09:35:25,61.95,0.0,110,681258,买盘
09:35:28,61.95,0.0,20,123892,买盘
09:35:31,61.95,0.0,163,1009627,买盘
09:35:34,61.95,0.0,261,1616764,卖盘
09:35:37,61.96,0.01,184,1139950,买盘
09:35:40,61.96,0.0,97,601196,买盘
09:35:43,61.96,0.0,104,644353,买盘
09:35:46,61.96,0.0,65,402729,卖盘
09:35:48,61.98,0.02,83,514348,买盘
09:35:52,61.98,0.0,28,173543,买盘
09:35:55,61.98,0.0,95,588733,卖盘
09:35:58,61.98,0.0,327,2027147,卖盘
09:36:00,61.97,-0.01,394,2441683,卖盘
09:36:05,61.97,0.0,205,1270412,中性盘
09:36:07,61.99,0.02,195,1208521,买盘
09:36:10,61.98,-0.01,118,731398,中性盘
09:36:12,61.98,0.0,37,229313,买盘
09:36:15,61.98,0.0,205,1270935,买盘
09:36:19,61.98,0.0,107,663209,卖盘
09:36:22,61.98,0.0,268,1661193,卖盘
09:36:25,61.99,0.01,204,1264434,买盘
09:36:28,61.98,-0.01,222,1376063,卖盘
09:36:31,61.98,0.0,192,1189976,买盘
09:36:34,62.0,0.02,490,3037376,买盘
09:36:36,62.0,0.0,126,781495,卖盘
09:36:40,62.0,0.0,10,61997,买盘
09:36:43,62.0,0.0,69,427790,买盘
09:36:46,62.0,0.0,58,359616,买盘
09:36:49,62.0,0.0,78,483617,卖盘
09:36:51,62.0,0.0,40,248011,卖盘
09:36:55,62.01,0.01,168,1041706,买盘
09:36:58,61.95,-0.06,1507,9340158,卖盘
09:37:00,62.01,0.06,88,545687,中性盘
09:37:04,62.02,0.01,649,4022605,买盘
09:37:07,61.95,-0.07,642,3976465,卖盘
09:37:10,62.02,0.07,79,489918,买盘
09:37:12,61.95,-0.07,322,1996188,卖盘
09:37:16,61.95,0.0,166,1028354,买盘
09:37:18,61.95,0.0,85,526479,买盘
09:37:22,62.0,0.05,321,1989614,买盘
09:37:24,62.02,0.02,57,353525,买盘
09:37:28,62.01,-0.01,66,409090,卖盘
09:37:30,62.0,-0.01,274,1699296,中性盘
09:37:33,61.98,-0.02,61,378198,卖盘
09:37:36,62.0,0.02,41,254191,买盘
09:37:39,62.01,0.01,197,1221297,买盘
09:37:42,62.01,0.0,537,3331801,买盘
09:37:45,62.01,0.0,41,254222,买盘
09:37:49,62.0,-0.01,111,688224,卖盘
09:37:52,62.01,0.01,303,1878866,买盘
09:37:55,62.01,0.0,1327,8218924,卖盘
09:37:58,62.02,0.01,60,372056,买盘
09:38:01,62.03,0.01,60,372096,买盘
09:38:04,62.03,0.0,68,421795,卖盘
09:38:07,62.03,0.0,276,1711693,卖盘
09:38:10,62.03,0.0,116,719548,卖盘
09:38:12,62.05,0.02,26,161291,买盘
09:38:16,62.05,0.0,77,477719,买盘
09:38:18,62.05,0.0,166,1025071,买盘
09:38:21,62.05,0.0,262,1625698,买盘
09:38:25,62.0,-0.05,498,3092873,卖盘
09:38:28,62.0,0.0,112,694643,买盘
09:38:30,62.04,0.04,156,967971,中性盘
09:38:33,62.05,0.01,68,417022,买盘
09:38:36,62.06,0.01,23,142714,买盘
09:38:39,62.0,-0.06,570,3537541,卖盘
09:38:43,62.02,0.02,243,1506447,买盘
09:38:46,62.05,0.03,96,595650,买盘
09:38:49,62.06,0.01,44,273034,买盘
09:38:52,62.0,-0.06,264,1637079,卖盘
09:38:55,62.02,0.02,110,682222,买盘
09:38:58,62.06,0.04,148,918388,买盘
09:39:00,62.06,0.0,56,347513,卖盘
09:39:05,62.07,0.01,76,471637,买盘
09:39:07,62.05,-0.02,105,651544,卖盘
09:39:10,62.07,0.02,94,583379,买盘
09:39:12,62.08,0.01,48,297889,买盘
09:39:15,62.08,0.0,48,297969,买盘
09:39:18,62.07,-0.01,96,591094,卖盘
09:39:22,62.1,0.03,67,415929,买盘
09:39:24,62.08,-0.02,63,391145,卖盘
09:39:28,62.1,0.02,37,232244,买盘
09:39:31,62.1,0.0,35,217342,买盘
09:39:34,62.1,0.0,183,1134085,买盘
09:39:36,62.12,0.02,2,12424,中性盘
09:39:40,62.15,0.03,41,254773,买盘
09:39:43,62.15,0.0,26,164909,买盘
09:39:46,62.18,0.03,550,3412701,买盘
09:39:48,62.15,-0.03,272,1689919,卖盘
09:39:52,62.1,-0.05,241,1497844,卖盘
09:39:55,62.1,0.0,316,1962359,买盘
09:39:58,62.19,0.09,72,447632,买盘
09:40:00,62.1,-0.09,403,2503773,卖盘
09:40:04,62.1,0.0,231,1434463,买盘
09:40:07,62.1,0.0,333,2067923,买盘
09:40:10,62.14,0.04,220,1366280,买盘
09:40:13,62.12,-0.02,38,236068,卖盘
09:40:15,62.1,-0.02,481,2991581,卖盘
09:40:19,62.12,0.02,188,1167523,买盘
09:40:21,62.12,0.0,318,1974924,买盘
09:40:25,62.15,0.03,294,1826282,买盘
09:40:28,62.14,-0.01,82,509527,中性盘
09:40:30,62.15,0.01,100,621287,买盘
09:40:33,62.1,-0.05,337,2093279,卖盘
09:40:36,62.15,0.05,145,900674,买盘
09:40:39,62.14,-0.01,372,2310437,中性盘
09:40:43,62.13,-0.01,88,546778,卖盘
09:40:46,62.13,0.0,108,671132,中性盘
09:40:49,62.15,0.02,77,478538,买盘
09:40:52,62.15,0.0,59,366680,卖盘
09:40:54,62.15,0.0,16,99442,卖盘
09:40:57,62.15,0.0,139,863937,卖盘
09:41:01,62.16,0.01,355,2206364,买盘
09:41:04,62.16,0.0,26,161610,买盘
09:41:06,62.17,0.01,111,690012,买盘
09:41:10,62.17,0.0,80,497350,买盘
09:41:12,62.17,0.0,108,671364,买盘
09:41:16,62.16,-0.01,151,938746,卖盘
09:41:18,62.16,0.0,79,491159,卖盘
09:41:22,62.19,0.03,58,360612,买盘
09:41:25,62.19,0.0,104,646757,买盘
09:41:28,62.2,0.01,169,1050998,买盘
09:41:30,62.19,-0.01,103,640580,卖盘
09:41:33,62.2,0.01,184,1144483,买盘
09:41:37,62.2,0.0,67,416773,卖盘
09:41:40,62.22,0.02,33,205336,买盘
09:41:42,62.25,0.03,78,481532,卖盘
09:41:45,62.25,0.0,25,155627,卖盘
09:41:49,62.25,0.0,64,398494,卖盘
09:41:51,62.28,0.03,61,382521,买盘
09:41:54,62.29,0.01,66,411049,买盘
09:41:58,62.3,0.01,129,804366,买盘
09:42:01,62.3,0.0,51,317715,买盘
09:42:04,62.3,0.0,325,2024781,买盘
09:42:07,62.35,0.05,15,93508,买盘
09:42:10,62.37,0.02,75,467408,买盘
09:42:12,62.36,-0.01,116,723418,卖盘
09:42:16,62.38,0.02,46,286927,买盘
09:42:19,62.38,0.0,40,249533,卖盘
09:42:22,62.42,0.04,71,443026,买盘
09:42:25,62.42,0.0,97,605446,买盘
09:42:28,62.43,0.01,32,199893,中性盘
09:42:30,62.45,0.02,452,2821686,中性盘
09:42:33,62.44,-0.01,108,674505,买盘
09:42:36,62.45,0.01,43,268566,中性盘
09:42:39,62.48,0.03,111,693396,买盘
09:42:43,62.5,0.02,435,2717955,买盘
09:42:45,62.5,0.0,84,524826,买盘
09:42:49,62.5,0.0,229,1430835,买盘
09:42:52,62.48,-0.02,327,2043734,卖盘
09:42:54,62.5,0.02,391,2443172,买盘
09:42:57,62.51,0.01,71,443761,中性盘
09:43:01,62.55,0.04,94,587590,买盘
09:43:05,62.55,0.0,137,856460,卖盘
09:43:07,62.54,-0.01,75,469094,卖盘
09:43:09,62.55,0.01,140,875628,买盘
09:43:13,62.53,-0.02,121,756554,卖盘
09:43:15,62.5,-0.03,189,1181642,卖盘
09:43:19,62.55,0.05,445,2782271,买盘
09:43:21,62.53,-0.02,133,831732,卖盘
09:43:24,62.53,0.0,64,400211,卖盘
09:43:28,62.55,0.02,133,831695,买盘
09:43:31,62.55,0.0,135,843906,卖盘
09:43:34,62.56,0.01,96,600459,买盘
09:43:36,62.55,-0.01,185,1157280,买盘
09:43:40,62.55,0.0,39,243965,买盘
09:43:42,62.53,-0.02,276,1726042,卖盘
09:43:46,62.56,0.03,78,487846,买盘
09:43:48,62.56,0.0,91,569301,买盘
09:43:51,62.57,0.01,410,2565519,中性盘
09:43:55,62.55,-0.02,69,431642,中性盘
09:43:58,62.55,0.0,90,562963,卖盘
09:44:01,62.56,0.01,123,769325,买盘
09:44:05,62.56,0.0,33,206430,买盘
09:44:06,62.54,-0.02,124,775658,卖盘
09:44:10,62.55,0.01,120,750596,买盘
09:44:13,62.53,-0.02,283,1769883,卖盘
09:44:15,62.55,0.02,70,437864,中性盘
09:44:19,62.55,0.0,73,456581,中性盘
09:44:22,62.53,-0.02,55,343955,卖盘
09:44:25,62.52,-0.01,98,612950,卖盘
09:44:27,62.53,0.01,400,2500653,中性盘
09:44:31,62.5,-0.03,216,1350110,卖盘
09:44:34,62.5,0.0,58,362486,买盘
09:44:37,62.5,0.0,114,712367,买盘
09:44:39,62.49,-0.01,82,512371,买盘
09:44:43,62.47,-0.02,151,943245,卖盘
09:44:45,62.47,0.0,35,218626,买盘
09:44:49,62.43,-0.04,142,886854,卖盘
09:44:52,62.45,0.02,84,524450,买盘
09:44:55,62.39,-0.06,210,1310222,卖盘
09:44:58,62.39,0.0,78,486554,买盘
09:45:01,62.38,-0.01,178,1110235,中性盘
09:45:04,62.38,0.0,78,483290,买盘
09:45:07,62.38,0.0,52,324391,卖盘
09:45:10,62.4,0.02,224,1397306,买盘
09:45:13,62.39,-0.01,283,1764345,卖盘
09:45:15,62.36,-0.03,198,1239709,卖盘
09:45:18,62.39,0.03,24,145221,买盘
09:45:22,62.35,-0.04,132,827720,卖盘
09:45:24,62.35,0.0,65,405209,买盘
09:45:28,62.41,0.06,596,3715023,买盘
09:45:31,62.43,0.02,88,553029,买盘
09:45:34,62.45,0.02,387,2415393,买盘
09:45:37,62.47,0.02,550,3430508,买盘
09:45:40,62.4,-0.07,361,2253293,卖盘
09:45:43,62.46,0.06,6,37480,中性盘
09:45:46,62.45,-0.01,28,174862,卖盘
09:45:48,62.45,0.0,29,181099,卖盘
09:45:52,62.46,0.01,51,318520,买盘
09:45:54,62.46,0.0,94,587070,买盘
09:45:57,62.43,-0.03,35,218601,卖盘
09:46:00,62.46,0.03,373,2329640,买盘
09:46:04,62.46,0.0,153,955730,卖盘
09:46:07,62.47,0.01,84,524710,买盘
09:46:10,62.46,-0.01,52,324858,卖盘
09:46:12,62.46,0.0,523,3266693,卖盘
09:46:15,62.46,0.0,68,424768,卖盘
09:46:19,62.48,0.02,12,74976,买盘
09:46:21,62.47,-0.01,78,487349,卖盘
09:46:25,62.48,0.01,67,418592,买盘
09:46:28,62.49,0.01,107,668552,买盘
09:46:31,62.48,-0.01,242,1511631,卖盘
09:46:33,62.48,0.0,68,424894,卖盘
09:46:37,62.49,0.01,22,137477,中性盘
09:46:39,62.5,0.01,56,349950,买盘
09:46:43,62.48,-0.02,228,1424652,卖盘
09:46:45,62.49,0.01,12,74986,买盘
09:46:49,62.49,0.0,91,568645,买盘
09:46:52,62.49,0.0,58,362402,买盘
09:46:55,62.48,-0.01,79,493668,卖盘
09:46:58,62.49,0.01,39,243691,买盘
09:47:01,62.48,-0.01,53,331182,卖盘
09:47:04,62.49,0.01,39,243722,买盘
09:47:06,62.49,0.0,36,224947,中性盘
09:47:10,62.53,0.04,1439,8993954,买盘
09:47:12,62.54,0.01,3,18762,买盘
09:47:15,62.55,0.01,219,1369900,买盘
09:47:19,62.6,0.05,437,2735407,买盘
09:47:22,62.65,0.05,92,576228,买盘
09:47:24,62.6,-0.05,316,1979257,卖盘
09:47:28,62.61,0.01,428,2679385,买盘
09:47:31,62.63,0.02,14,87686,中性盘
09:47:33,62.66,0.03,47,294518,买盘
09:47:36,62.67,0.01,55,344526,买盘
09:47:40,62.67,0.0,88,551489,买盘
09:47:42,62.67,0.0,270,1692089,卖盘
09:47:46,62.67,0.0,365,2287668,卖盘
09:47:48,62.68,0.01,125,781735,买盘
09:47:51,62.69,0.01,857,5371121,买盘
09:47:54,62.69,0.0,411,2576058,买盘
09:47:58,62.69,0.0,155,971641,买盘
09:48:01,62.68,-0.01,412,2582967,卖盘
09:48:05,62.69,0.01,296,1855704,买盘
09:48:07,62.7,0.01,195,1222498,买盘
09:48:10,62.69,-0.01,136,852562,卖盘
09:48:13,62.72,0.03,626,3924891,买盘
09:48:15,62.65,-0.07,228,1428709,卖盘
09:48:19,62.58,-0.07,246,1539769,卖盘
09:48:21,62.65,0.07,230,1439329,买盘
09:48:25,62.65,0.0,96,601000,卖盘
09:48:28,62.58,-0.07,127,795017,卖盘
09:48:30,62.58,0.0,115,719738,卖盘
09:48:34,62.54,-0.04,98,613207,卖盘
09:48:37,62.54,0.0,78,488014,卖盘
09:48:40,62.55,0.01,80,500395,买盘
09:48:42,62.55,0.0,162,1013283,买盘
09:48:46,62.58,0.03,41,256578,买盘
09:48:48,62.59,0.01,310,1939171,卖盘
09:48:52,62.58,-0.01,51,319164,卖盘
09:48:54,62.59,0.01,16,100142,买盘
09:48:58,62.65,0.06,118,739083,买盘
09:49:00,62.65,0.0,97,607705,卖盘
09:49:04,62.66,0.01,111,695750,买盘
09:49:07,62.68,0.02,74,463750,中性盘
09:49:09,62.67,-0.01,114,714494,卖盘
09:49:13,62.69,0.02,153,958822,买盘
09:49:15,62.73,0.04,1065,6680232,买盘
09:49:19,62.7,-0.03,246,1542360,中性盘
09:49:22,62.73,0.03,99,620871,买盘
09:49:24,62.73,0.0,45,282242,买盘
09:49:28,62.73,0.0,24,150519,买盘
09:49:31,62.72,-0.01,71,445349,卖盘
09:49:33,62.73,0.01,57,357511,买盘
09:49:37,62.7,-0.03,206,1292172,卖盘
09:49:40,62.73,0.03,144,903264,买盘
09:49:42,62.73,0.0,103,646179,卖盘
09:49:45,62.73,0.0,123,771700,卖盘
09:49:49,62.74,0.01,108,677660,卖盘
09:49:51,62.75,0.01,34,213347,买盘
09:49:54,62.75,0.0,58,363945,卖盘
09:49:58,62.76,0.01,39,244764,买盘
09:50:01,62.76,0.0,11,69037,卖盘
09:50:04,62.76,0.0,80,502116,卖盘
09:50:07,62.76,0.0,177,1110970,卖盘
09:50:09,62.78,0.02,116,728169,买盘
09:50:12,62.79,0.01,848,5322370,买盘
09:50:15,62.8,0.01,415,2607275,买盘
09:50:19,62.8,0.0,52,326523,买盘
09:50:22,62.81,0.01,314,1974389,买盘
09:50:24,62.81,0.0,55,345462,卖盘
09:50:27,62.81,0.0,49,307736,买盘
09:50:31,62.85,0.04,157,986651,买盘
09:50:34,62.85,0.0,592,3720727,卖盘
09:50:36,62.85,0.0,26,163400,卖盘
09:50:40,62.85,0.0,209,1313355,买盘
09:50:42,62.82,-0.03,237,1488953,卖盘
09:50:46,62.86,0.04,451,2834166,买盘
09:50:49,62.86,0.0,195,1225803,卖盘
09:50:51,62.87,0.01,155,974372,买盘
09:50:54,62.88,0.01,157,987178,买盘
09:50:58,62.88,0.0,113,710386,买盘
09:51:01,62.88,0.0,200,1257478,卖盘
09:51:04,62.87,-0.01,208,1307817,卖盘
09:51:06,62.88,0.01,56,352103,买盘
09:51:09,62.88,0.0,144,905538,买盘
09:51:12,62.89,0.01,314,1974343,买盘
09:51:16,62.89,0.0,128,804992,卖盘
09:51:19,62.89,0.0,90,566062,卖盘
09:51:21,62.92,0.03,177,1113368,买盘
09:51:24,62.9,-0.02,88,553616,卖盘
09:51:28,62.9,0.0,62,390084,卖盘
09:51:31,62.92,0.02,31,195053,中性盘
09:51:34,62.93,0.01,48,302027,中性盘
09:51:37,62.94,0.01,116,730034,买盘
09:51:39,62.92,-0.02,106,667050,卖盘
09:51:43,62.94,0.02,297,1869146,买盘
09:51:45,62.95,0.01,132,830874,买盘
09:51:49,62.94,-0.01,90,566504,卖盘
09:51:52,62.95,0.01,403,2536804,买盘
09:51:54,62.94,-0.01,115,723923,卖盘
09:51:57,62.97,0.03,127,799570,买盘
09:52:00,62.96,-0.01,121,761734,中性盘
09:52:05,62.97,0.01,168,1057698,买盘
09:52:07,62.95,-0.02,153,963304,卖盘
09:52:10,62.95,0.0,59,371482,卖盘
09:52:12,62.96,0.01,680,4280339,买盘
09:52:15,62.96,0.0,281,1769221,卖盘
09:52:19,62.97,0.01,137,862607,买盘
09:52:22,62.98,0.01,519,3268426,买盘
09:52:25,62.97,-0.01,181,1139620,中性盘
09:52:27,62.98,0.01,103,648600,买盘
09:52:31,62.98,0.0,351,2210649,买盘
09:52:34,62.98,0.0,212,1335098,买盘
09:52:37,62.97,-0.01,622,3918077,卖盘
09:52:39,62.98,0.01,769,4843832,买盘
09:52:42,63.0,0.02,814,5126380,买盘
09:52:46,63.01,0.01,297,1871126,买盘
09:52:48,63.01,0.0,85,535595,卖盘
09:52:52,63.0,-0.01,114,718328,卖盘
09:52:55,63.04,0.04,169,1065240,买盘
09:52:57,63.03,-0.01,378,2384338,卖盘
09:53:00,63.01,-0.02,207,1302742,卖盘
09:53:05,63.02,0.01,121,764020,买盘
09:53:07,63.03,0.01,123,773467,卖盘
09:53:10,63.01,-0.02,196,1234945,中性盘
09:53:13,63.03,0.02,1112,7005599,买盘
09:53:16,63.03,0.0,623,3926821,买盘
09:53:18,63.03,0.0,610,3843911,卖盘
09:53:22,63.01,-0.02,153,963693,卖盘
09:53:25,62.95,-0.06,138,870044,卖盘
09:53:28,62.93,-0.02,100,629394,卖盘
09:53:31,62.95,0.02,141,888729,买盘
09:53:33,62.9,-0.05,269,1692180,卖盘
09:53:36,62.96,0.06,338,2127719,买盘
09:53:40,62.95,-0.01,31,195153,卖盘
09:53:43,62.92,-0.03,678,4267992,卖盘
09:53:46,62.96,0.04,591,3717748,买盘
09:53:49,62.89,-0.07,72,452863,卖盘
09:53:51,62.87,-0.02,157,987180,卖盘
09:53:54,62.86,-0.01,90,565840,卖盘
09:53:58,62.85,-0.01,42,264037,卖盘
09:54:01,62.86,0.01,22,138298,中性盘
09:54:04,62.86,0.0,104,653671,买盘
09:54:07,62.84,-0.02,115,722741,卖盘
09:54:09,62.84,0.0,78,490179,卖盘
09:54:12,62.81,-0.03,1066,6698477,卖盘
09:54:16,62.8,-0.01,181,1137069,卖盘
09:54:19,62.79,-0.01,283,1776882,卖盘
09:54:22,62.73,-0.06,96,602443,卖盘
09:54:24,62.8,0.07,174,1091718,买盘
09:54:28,62.74,-0.06,96,602043,卖盘
09:54:31,62.74,0.0,90,564450,买盘
09:54:34,62.79,0.05,195,1224062,买盘
09:54:36,62.73,-0.06,84,527073,卖盘
09:54:39,62.78,0.05,116,727733,买盘
09:54:43,62.74,-0.04,28,175728,卖盘
09:54:46,62.75,0.01,164,1029165,中性盘
09:54:49,62.73,-0.02,76,476924,卖盘
09:54:52,62.71,-0.02,79,495595,卖盘
09:54:55,62.74,0.03,172,1079175,买盘
09:54:58,62.74,0.0,47,294930,卖盘
09:55:00,62.74,0.0,117,733981,卖盘
09:55:04,62.73,-0.01,86,539557,卖盘
09:55:07,62.73,0.0,276,1731566,卖盘
09:55:10,62.73,0.0,146,915870,买盘
09:55:13,62.71,-0.02,709,4446657,卖盘
09:55:16,62.72,0.01,153,959455,买盘
09:55:19,62.7,-0.02,119,746269,卖盘
09:55:22,62.68,-0.02,71,445148,卖盘
09:55:25,62.68,0.0,171,1072216,卖盘
09:55:27,62.73,0.05,127,796539,买盘
09:55:31,62.73,0.0,260,1630710,买盘
09:55:34,62.75,0.02,67,420345,买盘
09:55:37,62.73,-0.02,43,269927,卖盘
09:55:40,62.73,0.0,71,445449,卖盘
09:55:43,62.73,0.0,49,307359,买盘
09:55:46,62.7,-0.03,66,413892,卖盘
09:55:48,62.72,0.02,130,815405,买盘
09:55:51,62.71,-0.01,28,177019,中性盘
09:55:54,62.7,-0.01,30,188129,卖盘
09:55:58,62.72,0.02,121,758743,买盘
09:56:00,62.71,-0.01,134,840368,中性盘
09:56:04,62.7,-0.01,109,683452,卖盘
09:56:06,62.72,0.02,59,370041,买盘
09:56:10,62.71,-0.01,49,307301,卖盘
09:56:12,62.73,0.02,102,633992,买盘
09:56:16,62.71,-0.02,115,721235,卖盘
09:56:18,62.73,0.02,23,144243,买盘
09:56:21,62.72,-0.01,272,1706213,卖盘
09:56:25,62.72,0.0,71,445363,卖盘
09:56:28,62.73,0.01,198,1241812,买盘
09:56:30,62.72,-0.01,12,75264,中性盘
09:56:34,62.72,0.0,37,232064,买盘
09:56:36,62.72,0.0,64,401396,买盘
09:56:39,62.73,0.01,8,50182,买盘
09:56:43,62.72,-0.01,232,1455114,卖盘
09:56:46,62.72,0.0,32,200715,卖盘
09:56:49,62.72,0.0,58,363777,卖盘
09:56:51,62.7,-0.02,298,1868546,卖盘
09:56:54,62.72,0.02,17,106612,买盘
09:56:58,62.73,0.01,79,495527,买盘
09:57:00,62.72,-0.01,15,94080,卖盘
09:57:05,62.72,0.0,33,206980,买盘
09:57:07,62.72,0.0,85,533128,卖盘
09:57:10,62.72,0.0,87,545557,买盘
09:57:13,62.71,-0.01,162,1015891,中性盘
09:57:16,62.7,-0.01,259,1628288,卖盘
09:57:18,62.69,-0.01,47,294648,卖盘
09:57:21,62.75,0.06,520,3262060,买盘
09:57:25,62.74,-0.01,212,1330280,卖盘
09:57:28,62.74,0.0,8,50174,买盘
09:57:31,62.7,-0.04,6,37620,卖盘
09:57:33,62.7,0.0,20,125421,卖盘
09:57:36,62.7,0.0,64,401284,卖盘
09:57:40,62.7,0.0,42,263841,买盘
09:57:43,62.71,0.01,286,1792991,买盘
09:57:46,62.7,-0.01,30,188118,卖盘
09:57:48,62.72,0.02,62,388862,买盘
09:57:52,62.7,-0.02,27,169328,卖盘
09:57:55,62.73,0.03,114,714942,买盘
09:57:58,62.72,-0.01,136,852907,卖盘
09:58:00,62.72,0.0,7,43900,买盘
09:58:04,62.71,-0.01,131,821513,卖盘
09:58:07,62.72,0.01,69,432733,买盘
09:58:10,62.73,0.01,80,501753,买盘
09:58:13,62.71,-0.02,271,1699491,卖盘
09:58:15,62.71,0.0,131,821500,卖盘
09:58:18,62.71,0.0,19,119146,买盘
09:58:22,62.71,0.0,59,369979,买盘
09:58:24,62.71,0.0,206,1292242,买盘
09:58:28,62.71,0.0,419,2627461,买盘
09:58:30,62.72,0.01,10,62711,买盘
09:58:33,62.72,0.0,61,382532,买盘
09:58:36,62.72,0.0,142,890510,买盘
09:58:39,62.72,0.0,52,326139,买盘
09:58:42,62.72,0.0,236,1479966,买盘
09:58:45,62.72,0.0,39,244581,买盘
09:58:49,62.71,-0.01,92,577051,卖盘
09:58:52,62.73,0.02,114,714991,买盘
09:58:55,62.72,-0.01,12,75264,卖盘
09:58:57,62.72,0.0,39,244601,卖盘
09:59:00,62.72,0.0,16,100348,卖盘
09:59:04,62.72,0.0,48,301063,买盘
09:59:07,62.71,-0.01,43,269685,卖盘
09:59:09,62.72,0.01,6,37631,买盘
09:59:12,62.71,-0.01,117,733708,卖盘
09:59:16,62.72,0.01,233,1461197,买盘
09:59:19,62.71,-0.01,112,700792,卖盘
09:59:22,62.71,0.0,57,357432,卖盘
09:59:24,62.72,0.01,59,369997,买盘
09:59:28,62.71,-0.01,34,213216,中性盘
09:59:30,62.71,0.0,75,470357,买盘
09:59:33,62.72,0.01,10,62711,中性盘
09:59:37,62.73,0.01,51,317141,买盘
09:59:39,62.71,-0.02,74,464111,卖盘
09:59:42,62.71,0.0,135,846546,卖盘
09:59:46,62.71,0.0,17,106606,买盘
09:59:48,62.7,-0.01,56,351685,卖盘
09:59:52,62.71,0.01,30,188125,买盘
09:59:54,62.71,0.0,30,188108,买盘
09:59:58,62.71,0.0,52,326077,买盘
10:00:01,62.7,-0.01,53,332373,卖盘
10:00:05,62.71,0.01,30,188129,买盘
10:00:07,62.71,0.0,59,369994,卖盘
10:00:10,62.7,-0.01,56,351178,卖盘
10:00:12,62.7,0.0,510,3197714,卖盘
10:00:15,62.7,0.0,232,1458036,卖盘
10:00:18,62.71,0.01,62,388744,买盘
10:00:21,62.7,-0.01,48,300988,中性盘
10:00:24,62.7,0.0,23,144210,买盘
10:00:28,62.7,0.0,91,570519,买盘
10:00:30,62.7,0.0,30,188085,买盘
10:00:33,62.69,-0.01,71,446439,卖盘
10:00:36,62.69,0.0,338,2117102,卖盘
10:00:40,62.69,0.0,41,257001,买盘
10:00:42,62.67,-0.02,220,1379273,卖盘
10:00:45,62.66,-0.01,225,1409862,卖盘
10:00:48,62.66,0.0,79,495033,卖盘
10:00:51,62.65,-0.01,275,1723067,卖盘
10:00:54,62.65,0.0,26,162875,买盘
10:00:57,62.65,0.0,15,93961,买盘
10:01:00,62.64,-0.01,114,714018,买盘
10:01:04,62.63,-0.01,50,313137,卖盘
10:01:06,62.65,0.02,407,2549859,买盘
10:01:09,62.61,-0.04,237,1484284,卖盘
10:01:13,62.64,0.03,27,169074,买盘
10:01:16,62.62,-0.02,21,131502,卖盘
10:01:19,62.62,0.0,10,62615,买盘
10:01:22,62.61,-0.01,128,801395,卖盘
10:01:24,62.61,0.0,23,144003,买盘
10:01:27,62.59,-0.02,19,118940,卖盘
10:01:30,62.59,0.0,25,157369,卖盘
10:01:34,62.59,0.0,33,206572,卖盘
10:01:37,62.59,0.0,99,618895,卖盘
10:01:40,62.59,0.0,12,75108,买盘
10:01:42,62.59,0.0,85,531933,买盘
10:01:46,62.6,0.01,417,2609899,买盘
10:01:48,62.62,0.02,229,1432628,买盘
10:01:51,62.58,-0.04,66,413004,买盘
10:01:54,62.51,-0.07,80,500366,卖盘
10:01:57,62.55,0.04,104,650111,中性盘
10:02:01,62.5,-0.05,37,231426,卖盘
10:02:05,62.5,0.0,492,3075890,卖盘
10:02:07,62.5,0.0,35,218749,买盘
10:02:10,62.49,-0.01,47,293736,卖盘
10:02:12,62.48,-0.01,144,900522,卖盘
10:02:16,62.47,-0.01,11,68717,中性盘
10:02:18,62.48,0.01,77,481056,买盘
10:02:21,62.49,0.01,177,1105846,买盘
10:02:24,62.48,-0.01,51,318655,中性盘
10:02:27,62.46,-0.02,51,318618,卖盘
10:02:30,62.47,0.01,83,518532,卖盘
10:02:33,62.49,0.02,194,1212192,买盘
10:02:36,62.49,0.0,49,306167,买盘
10:02:39,62.49,0.0,44,274945,卖盘
10:02:43,62.47,-0.02,124,774753,卖盘
10:02:46,62.48,0.01,48,299894,买盘
10:02:49,62.48,0.0,88,549767,买盘
10:02:52,62.48,0.0,91,568597,买盘
10:02:55,62.5,0.02,67,418637,买盘
10:02:57,62.47,-0.03,305,1905991,卖盘
10:03:01,62.5,0.03,64,399947,买盘
10:03:05,62.48,-0.02,51,318668,卖盘
10:03:07,62.52,0.04,450,2811816,买盘
10:03:10,62.49,-0.03,88,549974,卖盘
10:03:13,62.49,0.0,22,137498,卖盘
10:03:16,62.49,0.0,66,412452,卖盘
10:03:18,62.5,0.01,58,362436,买盘
10:03:21,62.5,0.0,167,1043803,卖盘
10:03:24,62.5,0.0,103,643780,卖盘
10:03:27,62.51,0.01,11,68755,买盘
10:03:31,62.52,0.01,247,1541053,买盘
10:03:33,62.52,0.0,9,56268,卖盘
10:03:37,62.52,0.0,89,556516,卖盘
10:03:39,62.53,0.01,33,206349,卖盘
10:03:42,62.52,-0.01,99,619027,卖盘
10:03:46,62.52,0.0,129,806508,买盘
10:03:48,62.51,-0.01,109,681399,卖盘
10:03:52,62.52,0.01,96,600217,买盘
10:03:54,62.52,0.0,57,356405,卖盘
10:03:57,62.52,0.0,39,243855,卖盘
10:04:01,62.53,0.01,132,825282,中性盘
10:04:05,62.54,0.01,132,825502,买盘
10:04:06,62.55,0.01,5,31274,买盘
10:04:10,62.53,-0.02,143,894187,卖盘
10:04:13,62.53,0.0,148,925462,卖盘
10:04:15,62.52,-0.01,32,200090,卖盘
10:04:19,62.54,0.02,23,143819,买盘
10:04:21,62.55,0.01,1,6255,买盘
10:04:24,62.55,0.0,83,519110,买盘
10:04:28,62.54,-0.01,546,3413848,卖盘
10:04:30,62.55,0.01,112,700476,买盘
10:04:34,62.55,0.0,107,669277,买盘
10:04:37,62.55,0.0,12,75053,买盘
10:04:40,62.52,-0.03,134,837913,卖盘
10:04:43,62.53,0.01,572,3576790,买盘
10:04:46,62.53,0.0,66,412691,买盘
10:04:49,62.53,0.0,185,1156744,买盘
10:04:52,62.55,0.02,55,344011,买盘
10:04:54,62.52,-0.03,323,2019909,卖盘
10:04:57,62.55,0.03,3,18775,中性盘
10:05:01,62.53,-0.02,79,494334,卖盘
10:05:05,62.6,0.07,172,1076679,买盘
10:05:07,62.6,0.0,38,237880,卖盘
10:05:10,62.6,0.0,28,175286,卖盘
10:05:13,62.6,0.0,424,2653808,卖盘
10:05:15,62.59,-0.01,16,100144,中性盘
10:05:19,62.6,0.01,96,600938,买盘
10:05:22,62.59,-0.01,556,3477916,中性盘
10:05:25,62.6,0.01,374,2340975,买盘
10:05:27,62.56,-0.04,741,4634243,卖盘
10:05:31,62.56,0.0,25,156400,买盘
10:05:34,62.56,0.0,164,1029795,买盘
10:05:36,62.59,0.03,25,156397,买盘
10:05:39,62.59,0.0,42,262860,买盘
10:05:43,62.54,-0.05,96,600542,卖盘
10:05:46,62.54,0.0,27,168890,卖盘
10:05:49,62.56,0.02,191,1194896,买盘
10:05:52,62.58,0.02,217,1357542,买盘
10:05:54,62.56,-0.02,22,137642,卖盘
10:05:58,62.56,0.0,473,2958310,卖盘
10:06:01,62.56,0.0,82,512975,买盘
10:06:05,62.51,-0.05,518,3237644,卖盘
10:06:07,62.51,0.0,60,375060,买盘
10:06:10,62.51,0.0,64,400053,买盘
10:06:12,62.5,-0.01,216,1351142,卖盘
10:06:15,62.52,0.02,88,550359,中性盘
10:06:18,62.52,0.0,391,2442873,卖盘
10:06:21,62.5,-0.02,70,437498,中性盘
10:06:24,62.49,-0.01,70,437477,卖盘
10:06:27,62.5,0.01,20,124990,买盘
10:06:30,62.49,-0.01,13,81241,卖盘
10:06:33,62.5,0.01,148,924978,买盘
10:06:37,62.5,0.0,55,343718,买盘
10:06:39,62.5,0.0,38,238290,买盘
10:06:43,62.49,-0.01,465,2905786,卖盘
10:06:46,62.49,0.0,27,168718,买盘
10:06:49,62.48,-0.01,133,831157,卖盘
10:06:52,62.49,0.01,8,49987,中性盘
10:06:54,62.47,-0.02,48,299094,卖盘
10:06:58,62.49,0.02,15,94537,买盘
10:07:01,62.47,-0.02,52,324894,卖盘
10:07:05,62.48,0.01,100,624928,中性盘
10:07:07,62.49,0.01,11,68739,中性盘
10:07:10,62.49,0.0,9,56244,卖盘
10:07:12,62.48,-0.01,168,1049738,卖盘
10:07:16,62.49,0.01,59,368609,买盘
10:07:18,62.5,0.01,142,883158,买盘
10:07:21,62.49,-0.01,21,131233,卖盘
10:07:25,62.49,0.0,42,262459,卖盘
10:07:27,62.49,0.0,84,524976,卖盘
10:07:31,62.49,0.0,4,24999,卖盘
10:07:34,62.51,0.02,75,468718,买盘
10:07:37,62.52,0.01,48,300074,买盘
10:07:40,62.52,0.0,10,62521,卖盘
10:07:43,62.51,-0.01,87,543912,卖盘
10:07:46,62.52,0.01,103,643861,买盘
10:07:49,62.52,0.0,12,75026,卖盘
10:07:51,62.52,0.0,123,769069,卖盘
10:07:54,62.54,0.02,7,43768,买盘
10:07:58,62.53,-0.01,6,37518,卖盘
10:08:01,62.54,0.01,35,218859,买盘
10:08:04,62.53,-0.01,17,107626,卖盘
10:08:06,62.54,0.01,435,2719637,买盘
10:08:10,62.5,-0.04,44,275039,卖盘
10:08:13,62.53,0.03,193,1206935,卖盘
10:08:16,62.52,-0.01,8,50014,中性盘
10:08:18,62.52,0.0,5,31257,买盘
10:08:21,62.52,0.0,209,1306294,买盘
10:08:25,62.52,0.0,4,25008,买盘
10:08:27,62.51,-0.01,25,156282,卖盘
10:08:31,62.51,0.0,26,162542,卖盘
10:08:34,62.52,0.01,517,3229997,买盘
10:08:37,62.49,-0.03,132,824901,卖盘
10:08:40,62.5,0.01,30,187502,中性盘
10:08:42,62.52,0.02,311,1943524,买盘
10:08:46,62.5,-0.02,9,56244,买盘
10:08:49,62.48,-0.02,147,922645,卖盘
10:08:52,62.47,-0.01,164,1023708,卖盘
10:08:55,62.47,0.0,32,199891,买盘
10:08:57,62.46,-0.01,28,174894,卖盘
10:09:01,62.46,0.0,174,1086018,卖盘
10:09:04,62.45,-0.01,356,2223232,卖盘
10:09:07,62.45,0.0,93,580676,买盘
10:09:10,62.43,-0.02,40,249720,卖盘
10:09:12,62.41,-0.02,138,861360,卖盘
10:09:15,62.4,-0.01,258,1609948,卖盘
10:09:19,62.41,0.01,135,842367,买盘
10:09:22,62.4,-0.01,14,87348,买盘
10:09:24,62.38,-0.02,22,137260,卖盘
10:09:27,62.35,-0.03,222,1382573,卖盘
10:09:30,62.35,0.0,25,155856,买盘
10:09:33,62.33,-0.02,96,598500,卖盘
10:09:36,62.33,0.0,21,130894,卖盘
10:09:39,62.31,-0.02,190,1183945,卖盘
10:09:43,62.31,0.0,88,548302,买盘
10:09:46,62.31,0.0,67,417446,买盘
10:09:49,62.31,0.0,115,716494,买盘
10:09:51,62.3,-0.01,289,1800579,卖盘
10:09:54,62.28,-0.02,162,1009033,卖盘
10:09:57,62.27,-0.01,23,143234,卖盘
10:10:01,62.25,-0.02,127,790731,卖盘
10:10:04,62.24,-0.01,184,1145367,卖盘
10:10:07,62.26,0.02,65,407449,买盘
10:10:10,62.24,-0.02,52,323670,卖盘
10:10:13,62.23,-0.01,365,2271784,卖盘
10:10:15,62.27,0.04,34,208222,买盘
10:10:18,62.23,-0.04,71,445446,卖盘
10:10:22,62.24,0.01,28,170862,买盘
10:10:24,62.24,0.0,54,339505,卖盘
10:10:28,62.25,0.01,113,703247,买盘
10:10:30,62.24,-0.01,30,186727,卖盘
10:10:34,62.24,0.0,198,1232200,买盘
10:10:37,62.25,0.01,70,432309,买盘
10:10:39,62.24,-0.01,165,1027103,卖盘
10:10:43,62.23,-0.01,113,706689,卖盘
10:10:46,62.24,0.01,118,730984,买盘
10:10:48,62.24,0.0,97,603819,卖盘
10:10:51,62.23,-0.01,86,535328,卖盘
10:10:55,62.27,0.04,36,224118,买盘
10:10:57,62.26,-0.01,6,37359,卖盘
10:11:00,62.26,0.0,16,99631,卖盘
10:11:04,62.27,0.01,26,161894,买盘
10:11:06,62.26,-0.01,73,454522,卖盘
10:11:10,62.26,0.0,62,385996,买盘
10:11:13,62.24,-0.02,163,1014676,卖盘
10:11:16,62.24,0.0,136,846691,买盘
10:11:18,62.23,-0.01,44,273872,卖盘
10:11:22,62.25,0.02,19,118277,买盘
10:11:24,62.25,0.0,67,417130,卖盘
10:11:28,62.25,0.0,344,2141299,卖盘
10:11:31,62.25,0.0,612,3809370,卖盘
10:11:33,62.25,0.0,50,311295,买盘
10:11:37,62.28,0.03,29,180576,买盘
10:11:40,62.25,-0.03,295,1836394,卖盘
10:11:42,62.23,-0.02,243,1512373,卖盘
10:11:46,62.3,0.07,114,709619,买盘
10:11:48,62.28,-0.02,3,18688,中性盘
10:11:52,62.25,-0.03,116,722384,卖盘
10:11:54,62.29,0.04,25,155695,中性盘
10:11:57,62.28,-0.01,18,112123,中性盘
10:12:01,62.28,0.0,74,460867,卖盘
10:12:04,62.3,0.02,26,161947,买盘
10:12:07,62.29,-0.01,34,211804,卖盘
10:12:10,62.28,-0.01,132,822282,卖盘
10:12:13,62.27,-0.01,183,1139763,卖盘
10:12:15,62.28,0.01,37,230441,买盘
10:12:19,62.28,0.0,18,112107,买盘
10:12:22,62.28,0.0,81,504481,买盘
10:12:24,62.3,0.02,8,49840,卖盘
10:12:28,62.3,0.0,73,454790,卖盘
10:12:31,62.3,0.0,101,629269,卖盘
10:12:33,62.31,0.01,52,324010,买盘
10:12:37,62.31,0.0,172,1071678,卖盘
10:12:40,62.31,0.0,26,162010,卖盘
10:12:42,62.31,0.0,125,779047,卖盘
10:12:46,62.31,0.0,22,137112,卖盘
10:12:49,62.35,0.04,12,74817,买盘
10:12:51,62.35,0.0,11,68583,买盘
10:12:54,62.35,0.0,29,180814,买盘
10:12:57,62.37,0.02,7,43657,买盘
10:13:00,62.35,-0.02,72,449062,卖盘
10:13:04,62.39,0.04,13,81069,买盘
10:13:07,62.38,-0.01,17,106062,卖盘
10:13:10,62.39,0.01,13,81104,买盘
10:13:12,62.4,0.01,25,158059,买盘
10:13:16,62.4,0.0,4,24960,卖盘
10:13:18,62.4,0.0,15,93596,卖盘
10:13:22,62.42,0.02,26,162246,买盘
10:13:25,62.41,-0.01,34,212168,中性盘
10:13:27,62.41,0.0,81,505479,买盘
10:13:31,62.41,0.0,54,337010,买盘
10:13:33,62.41,0.0,19,118581,卖盘
10:13:36,62.41,0.0,26,162282,卖盘
10:13:40,62.43,0.02,45,280929,买盘
10:13:42,62.4,-0.03,258,1610162,卖盘
10:13:49,62.44,0.04,23,143632,中性盘
10:13:51,62.45,0.01,15,93675,买盘
10:13:54,62.46,0.01,48,299763,买盘
10:13:58,62.43,-0.03,211,1317429,卖盘
10:14:00,62.45,0.02,132,824405,买盘
10:14:04,62.43,-0.02,20,124879,买盘
10:14:06,62.46,0.03,252,1574686,买盘
10:14:10,62.46,0.0,6,37476,卖盘
10:14:12,62.46,0.0,155,968157,卖盘
10:14:16,62.42,-0.04,297,1853932,卖盘
10:14:18,62.42,0.0,25,156050,买盘
10:14:21,62.42,0.0,81,505602,买盘
10:14:25,62.45,0.03,43,269266,买盘
10:14:27,62.46,0.01,48,299774,买盘
10:14:30,62.42,-0.04,14,87404,卖盘
10:14:33,62.45,0.03,32,199840,买盘
10:14:37,62.44,-0.01,117,730665,中性盘
10:14:39,62.45,0.01,138,861474,买盘
10:14:42,62.45,0.0,19,118644,买盘
10:14:45,62.45,0.0,10,62436,买盘
10:14:48,62.45,0.0,19,118655,买盘
10:14:51,62.45,0.0,224,1398883,买盘
10:14:54,62.45,0.0,11,68695,卖盘
10:14:57,62.46,0.01,27,168618,买盘
10:15:00,62.46,0.0,306,1911270,买盘
10:15:04,62.46,0.0,41,256056,买盘
10:15:07,62.46,0.0,23,143658,卖盘
10:15:10,62.45,-0.01,45,281049,卖盘
10:15:12,62.47,0.02,156,974448,买盘
10:15:15,62.46,-0.01,8,49968,中性盘
10:15:18,62.48,0.02,213,1330773,买盘
10:15:22,62.46,-0.02,14,84205,卖盘
10:15:25,62.48,0.02,9,56225,买盘
10:15:27,62.47,-0.01,12,74966,卖盘
10:15:31,62.48,0.01,23,143673,中性盘
10:15:33,62.48,0.0,29,181186,买盘
10:15:36,62.49,0.01,158,987241,买盘
10:15:39,62.49,0.0,65,406156,买盘
10:15:43,62.5,0.01,112,699961,买盘
10:15:46,62.5,0.0,1,6250,卖盘
10:15:48,62.5,0.0,11,68751,卖盘
10:15:52,62.49,-0.01,43,268758,卖盘
10:15:55,62.49,0.0,114,712493,卖盘
10:15:57,62.52,0.03,140,875020,买盘
10:16:00,62.5,-0.02,65,406355,卖盘
10:16:04,62.49,-0.01,206,1287354,卖盘
10:16:07,62.49,0.0,7,43743,买盘
10:16:10,62.5,0.01,91,568764,买盘
10:16:12,62.5,0.0,66,412436,买盘
10:16:16,62.48,-0.02,95,593592,卖盘
10:16:19,62.5,0.02,136,849886,买盘
10:16:21,62.48,-0.02,14,87480,中性盘
10:16:24,62.48,0.0,15,95364,卖盘
10:16:27,62.47,-0.01,277,1730665,卖盘
10:16:31,62.49,0.02,105,656075,买盘
10:16:33,62.49,0.0,14,87486,卖盘
10:16:36,62.47,-0.02,114,712421,卖盘
10:16:40,62.49,0.02,348,2171515,卖盘
10:16:42,62.49,0.0,13,81243,卖盘
10:16:46,62.5,0.01,10,62491,买盘
10:16:49,62.49,-0.01,38,237485,卖盘
10:16:51,62.47,-0.02,501,3130826,卖盘
10:16:55,62.49,0.02,70,437388,买盘
10:16:57,62.47,-0.02,8,49984,卖盘
10:17:00,62.49,0.02,32,199948,买盘
10:17:05,62.49,0.0,12,74977,买盘
10:17:07,62.47,-0.02,110,688524,卖盘
10:17:10,62.46,-0.01,90,560849,卖盘
10:17:12,62.49,0.03,71,443628,买盘
10:17:16,62.49,0.0,30,187444,买盘
10:17:19,62.49,0.0,33,206184,买盘
10:17:22,62.47,-0.02,101,631086,卖盘
10:17:24,62.47,0.0,46,287336,卖盘
10:17:28,62.47,0.0,107,668289,买盘
10:17:31,62.47,0.0,504,3147549,买盘
10:17:33,62.49,0.02,38,237397,买盘
10:17:36,62.47,-0.02,24,149928,卖盘
10:17:40,62.46,-0.01,15,93703,卖盘
10:17:43,62.47,0.01,54,337281,买盘
10:17:45,62.45,-0.02,18,112435,卖盘
10:17:48,62.45,0.0,142,891355,卖盘
10:17:51,62.44,-0.01,12,74937,卖盘
10:17:55,62.45,0.01,15,93674,买盘
10:17:57,62.45,0.0,26,162350,买盘
10:18:00,62.44,-0.01,120,749223,卖盘
10:18:05,62.44,0.0,55,343365,卖盘
10:18:07,62.44,0.0,18,112392,买盘
10:18:10,62.43,-0.01,49,305893,卖盘
10:18:13,62.43,0.0,32,199804,卖盘
10:18:16,62.44,0.01,108,670706,卖盘
10:18:18,62.44,0.0,81,505764,卖盘
10:18:22,62.44,0.0,9,56196,卖盘
10:18:25,62.44,0.0,75,468326,卖盘
10:18:30,62.45,0.01,154,961650,买盘
10:18:34,62.44,-0.01,6,37464,买盘
10:18:37,62.43,-0.01,4,24972,卖盘
10:18:40,62.43,0.0,116,724194,卖盘
10:18:42,62.43,0.0,75,468225,卖盘
10:18:46,62.43,0.0,32,203539,卖盘
10:18:49,62.43,0.0,17,106130,买盘
10:18:52,62.43,0.0,25,152316,买盘
10:18:55,62.44,0.01,29,181049,买盘
10:18:58,62.42,-0.02,123,771515,卖盘
10:19:01,62.42,0.0,25,156050,买盘
10:19:04,62.42,0.0,80,499360,买盘
10:19:06,62.41,-0.01,154,961118,卖盘
10:19:09,62.41,0.0,18,112338,卖盘
10:19:12,62.41,0.0,35,218453,卖盘
10:19:16,62.4,-0.01,392,2446133,卖盘
10:19:19,62.4,0.0,61,375583,买盘
10:19:22,62.4,0.0,54,336910,买盘
10:19:25,62.4,0.0,21,131031,买盘
10:19:28,62.39,-0.01,4,24953,买盘
10:19:30,62.39,0.0,16,99810,买盘
10:19:33,62.38,-0.01,101,630139,卖盘
10:19:37,62.39,0.01,4,24955,买盘
10:19:40,62.38,-0.01,46,286974,卖盘
10:19:42,62.38,0.0,29,180923,卖盘
10:19:46,62.39,0.01,37,230800,买盘
10:19:48,62.37,-0.02,15,93562,卖盘
10:19:52,62.38,0.01,89,560169,买盘
10:19:55,62.37,-0.01,54,336727,中性盘
10:19:57,62.37,0.0,45,280634,买盘
10:20:00,62.36,-0.01,7,43652,中性盘
10:20:04,62.37,0.01,81,503192,买盘
10:20:07,62.35,-0.02,135,843598,卖盘
10:20:10,62.35,0.0,91,567348,买盘
10:20:13,62.35,0.0,19,118465,买盘
10:20:16,62.33,-0.02,112,698152,卖盘
10:20:19,62.32,-0.01,24,149564,卖盘
10:20:21,62.32,0.0,44,274173,买盘
10:20:24,62.32,0.0,45,280437,买盘
10:20:27,62.31,-0.01,12,74776,卖盘
10:20:30,62.32,0.01,104,648117,买盘
10:20:33,62.32,0.0,16,99704,买盘
10:20:37,62.32,0.0,78,486066,买盘
10:20:40,62.32,0.0,65,405065,卖盘
10:20:42,62.32,0.0,77,479813,卖盘
10:20:45,62.32,0.0,14,87248,卖盘
10:20:48,62.32,0.0,15,93483,卖盘
10:20:52,62.32,0.0,24,149571,卖盘
10:20:55,62.32,0.0,16,99721,卖盘
10:20:58,62.33,0.01,51,317838,买盘
10:21:01,62.33,0.0,116,722975,买盘
10:21:04,62.32,-0.01,86,535893,中性盘
10:21:07,62.32,0.0,43,267976,买盘
10:21:10,62.32,0.0,88,548395,买盘
10:21:12,62.3,-0.02,371,2311429,卖盘
10:21:16,62.3,0.0,61,380026,买盘
10:21:18,62.3,0.0,427,2659679,买盘
10:21:21,62.29,-0.01,42,261636,中性盘
10:21:24,62.29,0.0,14,87205,买盘
10:21:27,62.29,0.0,10,62290,买盘
10:21:31,62.29,0.0,53,330131,买盘
10:21:33,62.29,0.0,7,43600,买盘
10:21:36,62.29,0.0,21,130809,卖盘
10:21:39,62.28,-0.01,229,1426612,卖盘
10:21:42,62.28,0.0,22,137026,卖盘
10:21:45,62.29,0.01,24,149482,买盘
10:21:49,62.29,0.0,94,585486,买盘
10:21:51,62.28,-0.01,31,193067,中性盘
10:21:55,62.27,-0.01,201,1251942,卖盘
10:21:58,62.28,0.01,45,280248,买盘
10:22:00,62.27,-0.01,41,255330,卖盘
10:22:04,62.28,0.01,1,6228,买盘
10:22:06,62.27,-0.01,48,298923,卖盘
10:22:10,62.29,0.02,107,666377,买盘
10:22:13,62.27,-0.02,34,211772,卖盘
10:22:15,62.29,0.02,40,249148,买盘
10:22:19,62.27,-0.02,49,305227,卖盘
10:22:22,62.28,0.01,24,149493,中性盘
10:22:25,62.27,-0.01,70,435273,卖盘
10:22:27,62.29,0.02,34,211758,买盘
10:22:30,62.28,-0.01,42,257290,卖盘
10:22:33,62.29,0.01,19,118341,买盘
10:22:36,62.29,0.0,27,168176,买盘
10:22:39,62.28,-0.01,43,267838,卖盘
10:22:42,62.31,0.03,50,311482,买盘
10:22:45,62.3,-0.01,17,105921,卖盘
10:22:49,62.29,-0.01,223,1389256,卖盘
10:22:52,62.31,0.02,71,442386,买盘
10:22:55,62.31,0.0,44,274175,卖盘
10:22:58,62.32,0.01,35,218097,买盘
10:23:00,62.32,0.0,40,249280,买盘
10:23:05,62.32,0.0,83,517203,买盘
10:23:07,62.32,0.0,51,317862,卖盘
10:23:10,62.32,0.0,33,205656,卖盘
10:23:13,62.33,0.01,22,137120,买盘
10:23:16,62.33,0.0,73,454946,买盘
10:23:18,62.33,0.0,25,155819,买盘
10:23:21,62.32,-0.01,56,349023,卖盘
10:23:25,62.33,0.01,44,274230,买盘
10:23:28,62.32,-0.01,78,486161,卖盘
10:23:31,62.33,0.01,109,679409,买盘
10:23:33,62.34,0.01,8,49872,买盘
10:23:37,62.33,-0.01,42,261797,卖盘
10:23:40,62.34,0.01,28,174546,买盘
10:23:43,62.3,-0.04,358,2230788,卖盘
10:23:46,62.3,0.0,150,934500,买盘
10:23:49,62.3,0.0,738,4597212,买盘
10:23:51,62.3,0.0,60,373797,买盘
10:23:55,62.3,0.0,33,205574,买盘
10:23:57,62.29,-0.01,134,834815,中性盘
10:24:01,62.29,0.0,128,797313,买盘
10:24:04,62.29,0.0,21,130803,买盘
10:24:07,62.29,0.0,44,274070,买盘
10:24:10,62.29,0.0,92,573065,买盘
10:24:13,62.29,0.0,3,18687,卖盘
10:24:16,62.29,0.0,17,105893,卖盘
10:24:18,62.3,0.01,8,49836,买盘
10:24:21,62.3,0.0,39,242960,买盘
10:24:25,62.3,0.0,262,1632255,买盘
10:24:28,62.29,-0.01,129,803639,卖盘
10:24:31,62.3,0.01,120,747584,买盘
10:24:34,62.29,-0.01,55,342604,卖盘
10:24:36,62.29,0.0,109,680227,卖盘
10:24:40,62.29,0.0,150,934535,卖盘
10:24:42,62.3,0.01,29,180660,买盘
10:24:45,62.3,0.0,352,2192402,买盘
10:24:49,62.29,-0.01,15,95866,卖盘
10:24:51,62.29,0.0,20,122158,卖盘
10:24:54,62.29,0.0,25,155718,买盘
10:24:57,62.3,0.01,28,176859,买盘
10:25:00,62.29,-0.01,26,161940,买盘
10:25:04,62.29,0.0,25,155725,买盘
10:25:07,62.29,0.0,70,436000,买盘
10:25:10,62.29,0.0,107,666417,买盘
10:25:13,62.3,0.01,14,87203,买盘
10:25:15,62.29,-0.01,10,62290,卖盘
10:25:18,62.29,0.0,40,249161,卖盘
10:25:21,62.29,0.0,89,554425,卖盘
10:25:24,62.29,0.0,127,791040,卖盘
10:25:27,62.28,-0.01,49,302730,买盘
10:25:30,62.28,0.0,63,392345,买盘
10:25:34,62.26,-0.02,286,1779580,卖盘
10:25:37,62.27,0.01,314,1955977,买盘
10:25:39,62.26,-0.01,59,366341,卖盘
10:25:43,62.26,0.0,59,367281,买盘
10:25:45,62.25,-0.01,483,3006587,卖盘
10:25:48,62.25,0.0,41,255187,买盘
10:25:52,62.25,0.0,28,174300,买盘
10:25:55,62.25,0.0,37,230323,买盘
10:25:57,62.25,0.0,26,161837,买盘
10:26:01,62.25,0.0,130,808953,买盘
10:26:04,62.23,-0.02,67,416917,中性盘
10:26:06,62.24,0.01,44,273788,买盘
10:26:09,62.23,-0.01,72,447997,中性盘
10:26:12,62.22,-0.01,54,336026,卖盘
10:26:16,62.22,0.0,34,211542,买盘
10:26:18,62.21,-0.01,39,242640,卖盘
10:26:22,62.22,0.01,171,1063810,买盘
10:26:25,62.21,-0.01,281,1750520,卖盘
10:26:27,62.21,0.0,28,174177,买盘
10:26:31,62.2,-0.01,98,609644,卖盘
10:26:34,62.21,0.01,74,460149,买盘
10:26:36,62.2,-0.01,90,559886,卖盘
10:26:39,62.21,0.01,168,1045019,中性盘
10:26:42,62.2,-0.01,548,3408747,卖盘
10:26:46,62.2,0.0,45,279893,买盘
10:26:49,62.2,0.0,68,422922,买盘
10:26:51,62.2,0.0,103,640628,买盘
10:26:54,62.19,-0.01,93,578417,卖盘
10:26:58,62.19,0.0,226,1405382,卖盘
10:27:01,62.2,0.01,127,789843,买盘
10:27:04,62.19,-0.01,25,155485,卖盘
10:27:07,62.2,0.01,305,1897544,买盘
10:27:09,62.2,0.0,65,404303,卖盘
10:27:12,62.2,0.0,37,229704,卖盘
10:27:16,62.19,-0.01,24,149711,卖盘
10:27:19,62.2,0.01,167,1038600,买盘
10:27:22,62.19,-0.01,61,375814,卖盘
10:27:25,62.18,-0.01,57,356620,卖盘
10:27:27,62.19,0.01,161,1001256,卖盘
10:27:30,62.19,0.0,69,429119,买盘
10:27:33,62.2,0.01,176,1093631,买盘
10:27:37,62.18,-0.02,129,802245,卖盘
10:27:40,62.18,0.0,66,410481,卖盘
10:27:43,62.19,0.01,117,727599,买盘
10:27:46,62.18,-0.01,111,690293,卖盘
10:27:48,62.18,0.0,31,192783,卖盘
10:27:52,62.18,0.0,28,174105,卖盘
10:27:55,62.18,0.0,87,540985,卖盘
10:27:57,62.18,0.0,83,516114,卖盘
10:28:01,62.19,0.01,11,68402,买盘
10:28:04,62.18,-0.01,171,1065194,卖盘
10:28:07,62.18,0.0,92,572021,买盘
10:28:09,62.18,0.0,227,1411323,买盘
10:28:12,62.18,0.0,32,198975,买盘
10:28:16,62.18,0.0,52,321525,买盘
10:28:19,62.19,0.01,51,317118,买盘
10:28:22,62.18,-0.01,61,379272,卖盘
10:28:25,62.17,-0.01,71,441465,卖盘
10:28:28,62.17,0.0,71,443212,卖盘
10:28:30,62.19,0.02,109,675945,买盘
10:28:33,62.17,-0.02,106,660902,卖盘
10:28:37,62.17,0.0,82,510663,买盘
10:28:40,62.17,0.0,18,111906,卖盘
10:28:43,62.17,0.0,33,205162,卖盘
10:28:45,62.17,0.0,56,348153,卖盘
10:28:48,62.18,0.01,87,540903,买盘
10:28:51,62.18,0.0,35,217623,买盘
10:28:54,62.18,0.0,60,373025,买盘
10:28:57,62.17,-0.01,82,511410,卖盘
10:29:00,62.18,0.01,7,43521,买盘
10:29:04,62.18,0.0,61,379298,买盘
10:29:07,62.18,0.0,29,180322,卖盘
10:29:10,62.18,0.0,33,205206,卖盘
10:29:12,62.19,0.01,114,708797,买盘
10:29:15,62.19,0.0,88,547114,买盘
10:29:18,62.19,0.0,32,198997,买盘
10:29:21,62.19,0.0,50,310944,买盘
10:29:24,62.2,0.01,173,1075899,买盘
10:29:27,62.19,-0.01,159,988847,卖盘
10:29:30,62.2,0.01,23,143060,买盘
10:29:34,62.2,0.0,321,1996572,买盘
10:29:37,62.19,-0.01,100,622011,卖盘
10:29:39,62.22,0.03,35,217735,买盘
10:29:43,62.2,-0.02,9,55980,卖盘
10:29:45,62.2,0.0,82,510082,卖盘
10:29:48,62.23,0.03,106,659369,买盘
10:29:52,62.22,-0.01,11,68444,卖盘
10:29:55,62.23,0.01,58,360882,买盘
10:29:58,62.22,-0.01,110,684378,卖盘
10:30:00,62.22,0.0,9,56002,卖盘
10:30:04,62.23,0.01,34,211585,卖盘
10:30:06,62.24,0.01,28,174267,买盘
10:30:10,62.25,0.01,70,435623,买盘
10:30:12,62.24,-0.01,3,18672,卖盘
10:30:16,62.26,0.02,64,398379,买盘
10:30:19,62.24,-0.02,61,379699,卖盘
10:30:22,62.25,0.01,49,304975,中性盘
10:30:25,62.26,0.01,56,348536,买盘
10:30:27,62.26,0.0,21,130743,买盘
10:30:30,62.24,-0.02,86,535332,卖盘
10:30:34,62.26,0.02,34,211651,买盘
10:30:37,62.26,0.0,13,80937,买盘
10:30:40,62.24,-0.02,35,217861,卖盘
10:30:43,62.25,0.01,97,603786,中性盘
10:30:46,62.24,-0.01,53,324953,卖盘
10:30:48,62.26,0.02,31,192989,买盘
10:30:52,62.25,-0.01,95,591302,中性盘
10:30:55,62.24,-0.01,38,236513,卖盘
10:30:58,62.2,-0.04,625,3893153,卖盘
10:31:01,62.2,0.0,47,292322,买盘
10:31:04,62.2,0.0,56,347487,买盘
10:31:07,62.2,0.0,15,88324,买盘
10:31:10,62.21,0.01,1,6221,买盘
10:31:13,62.2,-0.01,68,422960,卖盘
10:31:15,62.2,0.0,169,1051150,卖盘
10:31:18,62.21,0.01,7,46843,中性盘
10:31:21,62.2,-0.01,65,404307,卖盘
10:31:24,62.21,0.01,91,566093,中性盘
10:31:27,62.21,0.0,20,124406,买盘
10:31:30,62.2,-0.01,66,410520,卖盘
10:31:34,62.2,0.0,45,279902,卖盘
10:31:36,62.2,0.0,61,379415,买盘
10:31:40,62.2,0.0,28,174154,买盘
10:31:43,62.21,0.01,31,192830,买盘
10:31:46,62.2,-0.01,32,199040,卖盘
10:31:48,62.21,0.01,159,989100,买盘
10:31:52,62.2,-0.01,64,398081,卖盘
10:31:54,62.2,0.0,16,99520,买盘
10:31:58,62.2,0.0,164,1019963,买盘
10:32:00,62.2,0.0,31,192820,买盘
10:32:05,62.19,-0.01,78,485099,卖盘
10:32:07,62.2,0.01,216,1343339,买盘
10:32:10,62.2,0.0,96,597098,买盘
10:32:13,62.2,0.0,18,111955,买盘
10:32:16,62.19,-0.01,27,167915,卖盘
10:32:18,62.2,0.01,1161,7219210,买盘
10:32:21,62.19,-0.01,16,99507,卖盘
10:32:24,62.2,0.01,218,1355623,买盘
10:32:27,62.18,-0.02,1155,7179908,卖盘
10:32:31,62.18,0.0,126,783304,买盘
10:32:34,62.18,0.0,95,590592,买盘
10:32:36,62.18,0.0,61,379266,买盘
10:32:40,62.18,0.0,23,143003,买盘
10:32:42,62.16,-0.02,48,298394,卖盘
10:32:45,62.18,0.02,116,721238,买盘
10:32:49,62.17,-0.01,81,503617,卖盘
10:32:52,62.17,0.0,99,616081,买盘
10:32:55,62.17,0.0,21,130548,买盘
10:32:57,62.17,0.0,33,205158,买盘
10:33:01,62.16,-0.01,41,254872,卖盘
10:33:04,62.17,0.01,26,161620,买盘
10:33:06,62.17,0.0,23,142666,买盘
10:33:10,62.17,0.0,54,335692,买盘
10:33:13,62.17,0.0,154,957661,买盘
10:33:16,62.17,0.0,78,484885,买盘
10:33:18,62.18,0.01,20,124335,买盘
10:33:22,62.17,-0.01,38,236236,卖盘
10:33:25,62.17,0.0,61,379259,卖盘
10:33:27,62.18,0.01,12,74610,买盘
10:33:30,62.18,0.0,11,68392,买盘
10:33:34,62.18,0.0,62,385513,买盘
10:33:37,62.18,0.0,24,151078,买盘
10:33:40,62.18,0.0,86,534683,买盘
10:33:42,62.17,-0.01,73,452000,卖盘
10:33:45,62.19,0.02,213,1328037,买盘
10:33:49,62.19,0.0,18,111942,卖盘
10:33:51,62.2,0.01,51,317213,买盘
10:33:54,62.2,0.0,11,68416,买盘
10:33:57,62.2,0.0,51,317216,买盘
10:34:00,62.2,0.0,109,677967,买盘
10:34:05,62.19,-0.01,155,964064,卖盘
10:34:07,62.2,0.01,57,354529,买盘
10:34:10,62.18,-0.02,560,3478707,卖盘
10:34:13,62.19,0.01,74,460132,买盘
10:34:15,62.18,-0.01,144,895558,卖盘
10:34:18,62.18,0.0,208,1293344,买盘
10:34:21,62.18,0.0,49,304661,买盘
10:34:24,62.18,0.0,13,80831,买盘
10:34:28,62.18,0.0,739,4594074,买盘
10:34:31,62.17,-0.01,103,640349,卖盘
10:34:33,62.17,0.0,519,3225648,买盘
10:34:37,62.17,0.0,42,261104,买盘
10:34:40,62.17,0.0,84,522183,买盘
10:34:43,62.17,0.0,76,472487,买盘
10:34:45,62.17,0.0,66,410290,买盘
10:34:48,62.14,-0.03,165,1026598,卖盘
10:34:52,62.14,0.0,113,702178,买盘
10:34:54,62.14,0.0,29,180206,买盘
10:34:58,62.13,-0.01,61,379030,卖盘
10:35:01,62.13,0.0,23,142908,卖盘
10:35:05,62.13,0.0,22,136691,卖盘
10:35:07,62.13,0.0,19,118057,卖盘
10:35:10,62.14,0.01,1117,6937612,买盘
10:35:12,62.13,-0.01,36,224099,卖盘
10:35:16,62.13,0.0,135,838793,买盘
10:35:18,62.13,0.0,35,217438,买盘
10:35:22,62.13,0.0,52,322617,买盘
10:35:25,62.12,-0.01,57,354022,卖盘
10:35:27,62.13,0.01,26,161538,买盘
10:35:31,62.12,-0.01,399,2478004,卖盘
10:35:34,62.12,0.0,17,105589,卖盘
10:35:37,62.1,-0.02,103,641547,卖盘
10:35:39,62.1,0.0,70,434691,买盘
10:35:43,62.1,0.0,48,298073,买盘
10:35:46,62.1,0.0,69,428487,买盘
10:35:48,62.1,0.0,32,197974,买盘
10:35:52,62.1,0.0,68,422285,卖盘
10:35:55,62.1,0.0,73,453366,卖盘
10:35:57,62.1,0.0,78,484452,卖盘
10:36:01,62.1,0.0,51,316729,卖盘
10:36:04,62.12,0.02,49,304312,买盘
10:36:07,62.1,-0.02,296,1838131,卖盘
10:36:10,62.1,0.0,73,453330,买盘
10:36:12,62.12,0.02,136,844554,买盘
10:36:16,62.11,-0.01,42,260830,中性盘
10:36:18,62.12,0.01,26,161501,买盘
10:36:22,62.11,-0.01,61,378843,中性盘
10:36:25,62.11,0.0,21,130446,买盘
10:36:27,62.12,0.01,51,316755,买盘
10:36:31,62.11,-0.01,94,583837,卖盘
10:36:34,62.12,0.01,31,192547,买盘
10:36:36,62.11,-0.01,38,236012,卖盘
10:36:39,62.1,-0.01,420,2608261,卖盘
10:36:43,62.1,0.0,76,471960,买盘
10:36:46,62.09,-0.01,137,850731,卖盘
10:36:48,62.1,0.01,66,409829,买盘
10:36:52,62.1,0.0,439,2726127,买盘
10:36:54,62.1,0.0,96,596155,买盘
10:36:57,62.1,0.0,85,527779,买盘
10:37:01,62.1,0.0,323,2005591,买盘
10:37:04,62.09,-0.01,114,707855,卖盘
10:37:07,62.1,0.01,59,367654,买盘
10:37:09,62.1,0.0,5,31050,卖盘
10:37:12,62.1,0.0,75,464485,卖盘
10:37:16,62.1,0.0,46,285660,买盘
10:37:18,62.1,0.0,80,496767,买盘
10:37:21,62.11,0.01,39,243489,买盘
10:37:25,62.1,-0.01,38,235980,卖盘
10:37:28,62.11,0.01,23,142833,买盘
10:37:30,62.12,0.01,562,3490685,买盘
10:37:34,62.11,-0.01,230,1428335,卖盘
10:37:37,62.13,0.02,47,290085,买盘
10:37:40,62.1,-0.03,323,2007945,卖盘
10:37:43,62.1,0.0,41,254603,买盘
10:37:46,62.1,0.0,52,322920,买盘
10:37:49,62.1,0.0,127,788659,买盘
10:37:51,62.1,0.0,125,776244,买盘
10:37:55,62.1,0.0,46,285647,买盘
10:37:57,62.1,0.0,131,813409,买盘
10:38:00,62.1,0.0,44,273238,买盘
10:38:04,62.1,0.0,202,1254357,买盘
10:38:07,62.09,-0.01,184,1142610,卖盘
10:38:09,62.09,0.0,207,1285547,卖盘
10:38:12,62.12,0.03,122,755923,买盘
10:38:15,62.1,-0.02,67,416193,卖盘
10:38:19,62.1,0.0,161,999814,卖盘
10:38:22,62.1,0.0,114,707934,买盘
10:38:24,62.1,0.0,308,1912674,买盘
10:38:27,62.12,0.02,77,478239,买盘
10:38:31,62.12,0.0,33,204996,卖盘
10:38:34,62.12,0.0,4,24854,卖盘
10:38:36,62.12,0.0,18,111854,卖盘
10:38:40,62.14,0.02,13,80758,中性盘
10:38:42,62.15,0.01,32,198859,买盘
10:38:45,62.15,0.0,637,3957434,买盘
10:38:48,62.1,-0.05,620,3850893,卖盘
10:38:52,62.16,0.06,33,205124,买盘
10:38:55,62.16,0.0,55,341974,卖盘
10:38:57,62.17,0.01,9,55950,中性盘
10:39:00,62.16,-0.01,35,217573,卖盘
10:39:04,62.17,0.01,3,18655,中性盘
10:39:07,62.16,-0.01,55,341915,卖盘
10:39:09,62.17,0.01,53,329581,中性盘
10:39:12,62.17,0.0,47,292816,买盘
10:39:15,62.17,0.0,22,136774,买盘
10:39:18,62.18,0.01,60,373022,买盘
10:39:21,62.17,-0.01,1,6217,卖盘
10:39:24,62.17,0.0,133,826816,卖盘
10:39:27,62.3,0.13,931,5793560,买盘
10:39:31,62.16,-0.14,271,1686613,卖盘
10:39:34,62.2,0.04,14,87050,中性盘
10:39:36,62.19,-0.01,5,32970,中性盘
10:39:40,62.19,0.0,29,179737,卖盘
10:39:42,62.21,0.02,4,24884,买盘
10:39:45,62.2,-0.01,58,356609,卖盘
10:39:48,62.21,0.01,2,12448,卖盘
10:39:51,62.31,0.1,105,654093,买盘
10:39:55,62.28,-0.03,9,56052,中性盘
10:39:57,62.38,0.1,104,648217,买盘
10:40:01,62.29,-0.09,64,398601,中性盘
10:40:04,62.38,0.09,9,56106,买盘
10:40:07,62.4,0.02,162,1010690,买盘
10:40:10,62.3,-0.1,119,742658,卖盘
10:40:12,62.45,0.15,108,674084,买盘
10:40:16,62.4,-0.05,109,680948,卖盘
10:40:19,62.45,0.05,6,37450,买盘
10:40:21,62.44,-0.01,11,68678,卖盘
10:40:24,62.44,0.0,46,287254,卖盘
10:40:28,62.45,0.01,50,312100,买盘
10:40:31,62.45,0.0,52,324629,买盘
10:40:34,62.45,0.0,23,143627,买盘
10:40:36,62.45,0.0,14,87427,买盘
10:40:40,62.45,0.0,16,99904,买盘
10:40:43,62.45,0.0,15,93674,买盘
10:40:46,62.44,-0.01,27,168604,卖盘
10:40:48,62.46,0.02,101,630775,买盘
10:40:51,62.46,0.0,22,137412,卖盘
10:40:54,62.46,0.0,35,218611,卖盘
10:40:57,62.49,0.03,151,943186,买盘
10:41:00,62.45,-0.04,32,199845,卖盘
10:41:04,62.49,0.04,10,62480,买盘
10:41:06,62.46,-0.03,18,112455,卖盘
10:41:09,62.45,-0.01,319,1992191,卖盘
10:41:12,62.45,0.0,286,1786070,卖盘
10:41:15,62.45,0.0,68,424619,买盘
10:41:19,62.45,0.0,20,124896,买盘
10:41:21,62.44,-0.01,38,237247,买盘
10:41:25,62.44,0.0,30,187317,买盘
10:41:27,62.45,0.01,65,405870,买盘
10:41:31,62.45,0.0,30,190983,卖盘
10:41:34,62.4,-0.05,194,1207400,卖盘
10:41:37,62.4,0.0,3,18720,买盘
10:41:39,62.4,0.0,13,81102,买盘
10:41:43,62.4,0.0,110,686493,买盘
10:41:45,62.37,-0.03,2,12474,卖盘
10:41:48,62.36,-0.01,12,74842,卖盘
10:41:51,62.37,0.01,26,162160,买盘
10:41:54,62.34,-0.03,2,16210,卖盘
10:41:58,62.37,0.03,24,148248,买盘
10:42:01,62.37,0.0,43,269876,卖盘
10:42:05,62.37,0.0,13,81084,卖盘
10:42:07,62.38,0.01,13,81900,买盘
10:42:10,62.35,-0.03,98,608007,卖盘
10:42:12,62.34,-0.01,42,261900,卖盘
10:42:15,62.36,0.02,6,37408,买盘
10:42:18,62.35,-0.01,20,126554,卖盘
10:42:22,62.35,0.0,6,36229,卖盘
10:42:25,62.36,0.01,6,37415,买盘
10:42:27,62.35,-0.01,54,336706,卖盘
10:42:31,62.35,0.0,41,255978,卖盘
10:42:33,62.35,0.0,30,186049,卖盘
10:42:36,62.34,-0.01,22,137161,卖盘
10:42:40,62.34,0.0,8,49872,卖盘
10:42:42,62.34,0.0,23,143380,卖盘
10:42:48,62.34,0.0,235,1464436,买盘
10:42:51,62.33,-0.01,5,31169,中性盘
10:42:54,62.33,0.0,23,144607,中性盘
10:42:57,62.31,-0.02,33,205716,中性盘
10:43:00,62.29,-0.02,106,660455,卖盘
10:43:05,62.34,0.05,39,241878,买盘
10:43:07,62.35,0.01,116,723249,买盘
10:43:10,62.34,-0.01,33,205752,卖盘
10:43:12,62.35,0.01,99,617203,买盘
10:43:15,62.34,-0.01,85,531139,卖盘
10:43:18,62.34,0.0,34,211933,买盘
10:43:22,62.33,-0.01,121,754113,买盘
10:43:25,62.32,-0.01,62,386384,卖盘
10:43:27,62.3,-0.02,33,205600,卖盘
10:43:31,62.33,0.03,191,1190375,买盘
10:43:34,62.28,-0.05,191,1186637,卖盘
10:43:36,62.28,0.0,32,199337,买盘
10:43:40,62.28,0.0,16,99640,买盘
10:43:42,62.27,-0.01,55,342490,卖盘
10:43:45,62.28,0.01,70,435916,买盘
10:43:48,62.27,-0.01,90,560382,中性盘
10:43:52,62.26,-0.01,47,292595,卖盘
10:43:54,62.26,0.0,181,1126040,买盘
10:43:57,62.27,0.01,459,2858281,买盘
10:44:00,62.26,-0.01,129,802779,卖盘
10:44:04,62.2,-0.06,82,510172,中性盘
10:44:07,62.2,0.0,355,2208290,买盘
10:44:10,62.18,-0.02,154,957845,卖盘
10:44:12,62.17,-0.01,227,1411521,卖盘
10:44:16,62.26,0.09,5,31130,买盘
10:44:19,62.25,-0.01,13,80878,买盘
10:44:22,62.24,-0.01,10,64078,中性盘
10:44:24,62.21,-0.03,44,271838,中性盘
10:44:27,62.24,0.03,33,207057,中性盘
10:44:31,62.18,-0.06,6,37335,中性盘
10:44:34,62.2,0.02,23,144215,买盘
10:44:36,62.2,0.0,35,216747,买盘
10:44:39,62.2,0.0,65,405066,买盘
10:44:42,62.2,0.0,27,165971,买盘
10:44:45,62.19,-0.01,39,243128,卖盘
10:44:48,62.23,0.04,129,802593,买盘
10:44:52,62.22,-0.01,92,573998,卖盘
10:44:54,62.22,0.0,174,1080980,卖盘
10:44:57,62.2,-0.02,73,454232,卖盘
10:45:01,62.2,0.0,13,80858,买盘
10:45:04,62.2,0.0,100,621999,买盘
10:45:07,62.19,-0.01,43,268671,卖盘
10:45:09,62.19,0.0,157,976442,买盘
10:45:13,62.22,0.03,238,1478995,买盘
10:45:16,62.22,0.0,13,80886,卖盘
10:45:19,62.21,-0.01,54,337231,卖盘
10:45:22,62.21,0.0,22,136853,买盘
10:45:24,62.2,-0.01,34,211482,卖盘
10:45:27,62.21,0.01,22,136848,买盘
10:45:31,62.2,-0.01,50,311021,卖盘
10:45:34,62.21,0.01,3,16983,买盘
10:45:37,62.2,-0.01,227,1410322,卖盘
10:45:39,62.2,0.0,301,1872236,买盘
10:45:42,62.21,0.01,274,1704495,买盘
10:45:45,62.21,0.0,157,976845,卖盘
10:45:48,62.21,0.0,19,118200,卖盘
10:45:52,62.22,0.01,80,497717,买盘
10:45:54,62.22,0.0,29,180438,买盘
10:45:57,62.22,0.0,17,105769,买盘
10:46:01,62.22,0.0,87,541265,买盘
10:46:04,62.22,0.0,45,279974,买盘
10:46:07,62.22,0.0,20,124440,买盘
10:46:09,62.22,0.0,12,74664,卖盘
10:46:13,62.22,0.0,141,880687,卖盘
10:46:16,62.24,0.02,1,6224,买盘
10:46:18,62.23,-0.01,7,43561,卖盘
10:46:22,62.24,0.01,51,317385,买盘
10:46:25,62.24,0.0,86,535228,买盘
10:46:28,62.23,-0.01,89,553858,卖盘
10:46:31,62.23,0.0,41,255158,买盘
10:46:33,62.24,0.01,30,186714,买盘
10:46:36,62.24,0.0,96,597502,买盘
10:46:39,62.24,0.0,46,286288,买盘
10:46:43,62.24,0.0,93,578830,卖盘
10:46:45,62.23,-0.01,98,609879,卖盘
10:46:48,62.24,0.01,72,448103,中性盘
10:46:52,62.25,0.01,13,80919,买盘
10:46:54,62.25,0.0,43,267645,买盘
10:46:58,62.24,-0.01,317,1973208,卖盘
10:47:00,62.25,0.01,79,489859,买盘
10:47:05,62.24,-0.01,64,398324,中性盘
10:47:07,62.25,0.01,55,342351,买盘
10:47:10,62.25,0.0,63,392175,买盘
10:47:13,62.24,-0.01,14,87141,卖盘
10:47:15,62.25,0.01,24,149390,买盘
10:47:18,62.25,0.0,60,373449,买盘
10:47:21,62.25,0.0,10,62250,买盘
10:47:24,62.25,0.0,78,485516,买盘
10:47:27,62.25,0.0,61,379725,买盘
10:47:30,62.25,0.0,133,827725,卖盘
10:47:33,62.25,0.0,11,68475,卖盘
10:47:36,62.25,0.0,42,261455,卖盘
10:47:39,62.25,0.0,15,93376,卖盘
10:47:43,62.25,0.0,14,87162,卖盘
10:47:45,62.25,0.0,264,1646582,卖盘
10:47:48,62.26,0.01,19,118293,买盘
10:47:52,62.25,-0.01,21,130727,卖盘
10:47:55,62.26,0.01,26,161855,买盘
10:47:58,62.26,0.0,20,124515,买盘
10:48:01,62.26,0.0,76,468003,买盘
10:48:04,62.26,0.0,80,498042,买盘
10:48:07,62.25,-0.01,57,358639,卖盘
10:48:09,62.25,0.0,66,410884,买盘
10:48:13,62.24,-0.01,122,759329,卖盘
10:48:15,62.25,0.01,77,475469,买盘
10:48:18,62.25,0.0,28,174300,卖盘
10:48:21,62.25,0.0,29,180525,卖盘
10:48:24,62.26,0.01,23,143195,买盘
10:48:27,62.26,0.0,52,323743,买盘
10:48:31,62.25,-0.01,118,734565,卖盘
10:48:34,62.24,-0.01,88,551560,卖盘
10:48:37,62.24,0.0,28,174262,买盘
10:48:40,62.23,-0.01,32,199157,卖盘
10:48:42,62.23,0.0,18,112031,卖盘
10:48:46,62.24,0.01,127,790327,买盘
10:48:48,62.24,0.0,24,149346,买盘
10:48:52,62.24,0.0,29,180493,买盘
10:48:55,62.24,0.0,33,205374,买盘
10:48:58,62.23,-0.01,43,267610,卖盘
10:49:01,62.24,0.01,81,504105,买盘
10:49:04,62.23,-0.01,56,348540,卖盘
10:49:07,62.24,0.01,20,124480,卖盘
10:49:09,62.25,0.01,3,18674,买盘
10:49:12,62.24,-0.01,23,140675,卖盘
10:49:15,62.24,0.0,11,68469,卖盘
10:49:18,62.25,0.01,127,793003,买盘
10:49:22,62.25,0.0,46,286351,卖盘
10:49:24,62.26,0.01,2,12451,买盘
10:49:27,62.26,0.0,16,99614,买盘
10:49:30,62.26,0.0,14,87159,买盘
10:49:33,62.26,0.0,106,659868,买盘
10:49:36,62.26,0.0,121,753341,买盘
10:49:39,62.26,0.0,29,180554,卖盘
10:49:43,62.26,0.0,2,12453,卖盘
10:49:45,62.26,0.0,4,24906,卖盘
10:49:49,62.27,0.01,28,174352,买盘
10:49:52,62.28,0.01,111,691222,买盘
10:49:54,62.26,-0.02,286,1780698,卖盘
10:49:57,62.26,0.0,23,143196,买盘
10:50:00,62.26,0.0,163,1014331,买盘
10:50:04,62.26,0.0,22,136972,卖盘
10:50:07,62.26,0.0,41,255281,卖盘
10:50:10,62.28,0.02,20,124529,买盘
10:50:12,62.27,-0.01,111,691304,卖盘
10:50:16,62.28,0.01,450,2799566,买盘
10:50:18,62.27,-0.01,45,280168,卖盘
10:50:21,62.27,0.0,17,105862,中性盘
10:50:25,62.27,0.0,105,653832,买盘
10:50:28,62.27,0.0,15,93401,买盘
10:50:31,62.27,0.0,33,205475,买盘
10:50:33,62.26,-0.01,43,267721,卖盘
10:50:36,62.26,0.0,11,69293,买盘
10:50:39,62.26,0.0,111,691153,买盘
10:50:43,62.26,0.0,38,236543,中性盘
10:50:46,62.27,0.01,81,504380,买盘
10:50:49,62.26,-0.01,17,105845,卖盘
10:50:52,62.27,0.01,32,199264,买盘
10:50:55,62.28,0.01,223,1388600,买盘
10:50:58,62.3,0.02,666,4150010,买盘
10:51:01,62.3,0.0,67,417470,卖盘
10:51:04,62.3,0.0,23,143290,卖盘
10:51:07,62.31,0.01,355,2211705,买盘
10:51:09,62.28,-0.03,82,508857,卖盘
10:51:12,62.33,0.05,26,164834,买盘
10:51:16,62.31,-0.02,8,49848,卖盘
10:51:19,62.31,0.0,16,96896,卖盘
10:51:22,62.33,0.02,208,1299193,买盘
10:51:24,62.33,0.0,12,74797,卖盘
10:51:28,62.3,-0.03,93,576758,卖盘
10:51:31,62.28,-0.02,24,149486,卖盘
10:51:34,62.3,0.02,26,161980,买盘
10:51:36,62.3,0.0,14,87215,买盘
10:51:39,62.3,0.0,157,977899,买盘
10:51:42,62.29,-0.01,44,274106,卖盘
10:51:45,62.3,0.01,40,249199,买盘
10:51:48,62.3,0.0,20,124597,买盘
10:51:52,62.31,0.01,203,1268450,买盘
10:51:55,62.29,-0.02,79,488290,卖盘
10:51:58,62.29,0.0,39,242930,买盘
10:52:01,62.29,0.0,37,230471,买盘
10:52:05,62.29,0.0,97,604261,买盘
10:52:07,62.29,0.0,44,272811,买盘
10:52:10,62.29,0.0,161,1006794,买盘
10:52:12,62.29,0.0,5,31148,卖盘
10:52:15,62.3,0.01,69,429870,中性盘
10:52:18,62.3,0.0,13,80990,卖盘
10:52:21,62.31,0.01,16,99689,买盘
10:52:24,62.3,-0.01,94,585638,卖盘
10:52:27,62.31,0.01,56,348904,买盘
10:52:30,62.3,-0.01,22,137061,卖盘
10:52:33,62.3,0.0,49,305266,买盘
10:52:37,62.31,0.01,42,261663,买盘
10:52:39,62.35,0.04,385,2396191,买盘
10:52:42,62.35,0.0,23,143412,卖盘
10:52:45,62.36,0.01,137,854084,买盘
10:52:49,62.36,0.0,11,68589,买盘
10:52:52,62.4,0.04,125,779719,买盘
10:52:55,62.37,-0.03,91,567053,中性盘
10:52:57,62.37,0.0,8,49894,买盘
10:53:01,62.37,0.0,9,56129,买盘
10:53:04,62.31,-0.06,53,330474,卖盘
10:53:07,62.36,0.05,7,43644,中性盘
10:53:09,62.39,0.03,42,261955,买盘
10:53:13,62.37,-0.02,5,31185,卖盘
10:53:15,62.39,0.02,12,74864,买盘
10:53:18,62.39,0.0,158,985674,买盘
10:53:21,62.39,0.0,8,49914,卖盘
10:53:25,62.39,0.0,165,1029504,卖盘
10:53:28,62.4,0.01,12,74892,卖盘
10:53:30,62.4,0.0,66,411794,卖盘
10:53:33,62.39,-0.01,104,648904,卖盘
10:53:36,62.4,0.01,10,62402,中性盘
10:53:39,62.41,0.01,52,324522,买盘
10:53:42,62.41,0.0,3,18723,卖盘
10:53:46,62.41,0.0,7,43687,卖盘
10:53:49,62.44,0.03,7,43693,买盘
10:53:51,62.44,0.0,45,280875,买盘
10:53:55,62.44,0.0,25,156095,买盘
10:53:58,62.44,0.0,69,430736,买盘
10:54:01,62.41,-0.03,75,466888,卖盘
10:54:05,62.44,0.03,75,468372,中性盘
10:54:07,62.45,0.01,28,174837,买盘
10:54:10,62.45,0.0,63,393435,卖盘
10:54:13,62.46,0.01,77,480866,买盘
10:54:15,62.45,-0.01,67,418421,卖盘
10:54:19,62.45,0.0,92,574496,买盘
10:54:22,62.45,0.0,139,868049,买盘
10:54:24,62.44,-0.01,33,206060,卖盘
10:54:27,62.43,-0.01,71,443279,卖盘
10:54:31,62.41,-0.02,104,649180,卖盘
10:54:34,62.44,0.03,39,243479,买盘
10:54:36,62.43,-0.01,45,280867,中性盘
10:54:39,62.4,-0.03,41,255884,卖盘
10:54:43,62.43,0.03,16,99869,买盘
10:54:46,62.41,-0.02,46,287088,卖盘
10:54:49,62.4,-0.01,131,818686,卖盘
10:54:51,62.4,0.0,194,1210454,买盘
10:54:54,62.39,-0.01,17,106077,中性盘
10:54:58,62.4,0.01,31,192157,买盘
10:55:01,62.37,-0.03,320,1997121,卖盘
10:55:05,62.37,0.0,12,74838,买盘
10:55:07,62.36,-0.01,7,43643,中性盘
10:55:10,62.36,0.0,2,12472,买盘
10:55:13,62.35,-0.01,24,149642,卖盘
10:55:16,62.35,0.0,8,49884,卖盘
10:55:18,62.35,0.0,24,149633,卖盘
10:55:21,62.31,-0.04,20,124632,卖盘
10:55:24,62.31,0.0,18,112193,卖盘
10:55:27,62.31,0.0,17,105967,卖盘
10:55:30,62.29,-0.02,265,1654376,卖盘
10:55:33,62.3,0.01,13,80989,买盘
10:55:36,62.3,0.0,270,1681725,买盘
10:55:40,62.29,-0.01,21,130821,中性盘
10:55:43,62.31,0.02,9,56070,买盘
10:55:45,62.3,-0.01,85,529614,卖盘
10:55:49,62.29,-0.01,26,161961,卖盘
10:55:51,62.3,0.01,80,498263,买盘
10:55:54,62.29,-0.01,2,12458,中性盘
10:55:58,62.29,0.0,8,49832,卖盘
10:56:01,62.28,-0.01,67,414778,卖盘
10:56:04,62.28,0.0,42,261588,买盘
10:56:07,62.3,0.02,142,884656,买盘
10:56:09,62.3,0.0,19,118334,买盘
10:56:12,62.3,0.0,8,49829,买盘
10:56:15,62.3,0.0,67,417340,买盘
10:56:19,62.3,0.0,73,454756,买盘
10:56:22,62.28,-0.02,500,3116604,卖盘
10:56:24,62.35,0.07,13,81000,买盘
10:56:27,62.3,-0.05,8,49845,卖盘
10:56:30,62.3,0.0,6,37390,卖盘
10:56:33,62.28,-0.02,120,747732,卖盘
10:56:37,62.3,0.02,108,672799,买盘
10:56:40,62.28,-0.02,30,186842,卖盘
10:56:43,62.28,0.0,203,1264635,卖盘
10:56:45,62.28,0.0,35,221772,卖盘
10:56:49,62.3,0.02,29,180670,买盘
10:56:52,62.27,-0.03,245,1525788,卖盘
10:56:54,62.3,0.03,7,43604,中性盘
10:56:58,62.3,0.0,6,32898,卖盘
10:57:00,62.3,0.0,83,519367,卖盘
10:57:04,62.28,-0.02,64,401015,卖盘
10:57:07,62.28,0.0,28,174383,买盘
10:57:10,62.28,0.0,11,68502,买盘
10:57:12,62.27,-0.01,17,105869,卖盘
10:57:18,62.28,0.01,56,344254,买盘
10:57:21,62.28,0.0,76,477174,买盘
10:57:24,62.28,0.0,515,3208575,卖盘
10:57:27,62.3,0.02,11,68510,买盘
10:57:30,62.3,0.0,12,74760,买盘
10:57:33,62.35,0.05,383,2386378,买盘
10:57:37,62.37,0.02,4,24942,买盘
10:57:39,62.34,-0.03,8,50998,卖盘
10:57:42,62.37,0.03,27,168272,买盘
10:57:45,62.34,-0.03,2,12464,买盘
10:57:49,62.34,0.0,13,76014,买盘
10:57:52,62.29,-0.05,88,553216,卖盘
10:57:55,62.29,0.0,20,124580,买盘
10:57:58,62.28,-0.01,29,180639,卖盘
10:58:00,62.29,0.01,15,93186,买盘
10:58:04,62.28,-0.01,92,570611,卖盘
10:58:07,62.33,0.05,1,6233,买盘
10:58:10,62.3,-0.03,2,12462,卖盘
10:58:13,62.3,0.0,2,13706,中性盘
10:58:15,62.32,0.02,5,31160,买盘
10:58:18,62.32,0.0,61,378774,买盘
10:58:22,62.3,-0.02,45,280365,卖盘
10:58:24,62.32,0.02,51,317781,买盘
10:58:27,62.3,-0.02,12,77255,卖盘
10:58:30,62.31,0.01,35,218114,中性盘
10:58:33,62.32,0.01,79,487310,买盘
10:58:37,62.32,0.0,65,405083,卖盘
10:58:40,62.32,0.0,38,236816,卖盘
10:58:43,62.33,0.01,24,149579,买盘
10:58:45,62.33,0.0,31,193207,买盘
10:58:49,62.33,0.0,90,565896,买盘
10:58:52,62.33,0.0,70,436262,买盘
10:58:55,62.33,0.0,20,119674,买盘
10:58:57,62.34,0.01,6,37400,买盘
10:59:00,62.33,-0.01,4,24934,卖盘
10:59:04,62.33,0.0,158,984777,卖盘
10:59:07,62.32,-0.01,83,522050,卖盘
10:59:09,62.35,0.03,64,398946,买盘
10:59:12,62.35,0.0,10,62356,卖盘
10:59:16,62.35,0.0,38,236931,卖盘
10:59:19,62.36,0.01,46,285559,买盘
10:59:21,62.34,-0.02,18,113465,卖盘
10:59:24,62.33,-0.01,1,6233,卖盘
10:59:27,62.34,0.01,3,18950,买盘
10:59:31,62.33,-0.01,65,401442,卖盘
10:59:33,62.34,0.01,14,87276,买盘
10:59:37,62.34,0.0,74,461248,买盘
10:59:40,62.34,0.0,47,293357,买盘
10:59:42,62.34,0.0,26,162083,买盘
10:59:46,62.34,0.0,50,311067,买盘
10:59:49,62.34,0.0,2,12468,卖盘
10:59:52,62.34,0.0,45,280530,卖盘
10:59:55,62.35,0.01,4,24940,买盘
10:59:58,62.35,0.0,35,218339,买盘
11:00:00,62.34,-0.01,1,6234,卖盘
11:00:04,62.35,0.01,19,118462,买盘
11:00:07,62.34,-0.01,87,542464,卖盘
11:00:09,62.36,0.02,10,62351,买盘
11:00:12,62.32,-0.04,393,2453126,卖盘
11:00:15,62.36,0.04,17,105982,买盘
11:00:19,62.36,0.0,8,49885,买盘
11:00:22,62.34,-0.02,34,211963,卖盘
11:00:25,62.33,-0.01,35,218182,卖盘
11:00:28,62.34,0.01,3,18702,买盘
11:00:31,62.33,-0.01,5,27425,卖盘
11:00:33,62.32,-0.01,38,236856,卖盘
11:00:37,62.33,0.01,94,585851,中性盘
11:00:39,62.33,0.0,86,535997,买盘
11:00:43,62.34,0.01,46,286714,买盘
11:00:46,62.34,0.0,33,208357,买盘
11:00:49,62.34,0.0,14,87260,买盘
11:00:52,62.33,-0.01,118,733732,中性盘
11:00:55,62.32,-0.01,19,118409,中性盘
11:00:58,62.32,0.0,32,199421,买盘
11:01:01,62.32,0.0,94,585808,买盘
11:01:04,62.31,-0.01,20,125811,卖盘
11:01:07,62.3,-0.01,113,704025,卖盘
11:01:09,62.31,0.01,23,143305,买盘
11:01:12,62.3,-0.01,9,56071,卖盘
11:01:15,62.31,0.01,123,766818,买盘
11:01:18,62.31,0.0,34,211855,卖盘
11:01:21,62.32,0.01,50,311552,买盘
11:01:24,62.31,-0.01,108,673158,买盘
11:01:28,62.32,0.01,57,352700,买盘
11:01:31,62.31,-0.01,39,243009,买盘
11:01:33,62.3,-0.01,357,2226743,卖盘
11:01:36,62.29,-0.01,8,49838,卖盘
11:01:39,62.3,0.01,149,928153,买盘
11:01:43,62.3,0.0,56,348830,买盘
11:01:46,62.29,-0.01,44,270640,买盘
11:01:49,62.28,-0.01,22,137030,卖盘
11:01:52,62.29,0.01,109,678858,买盘
11:01:54,62.28,-0.01,32,203324,中性盘
11:01:58,62.28,0.0,22,137014,买盘
11:02:01,62.28,0.0,129,803491,买盘
11:02:04,62.27,-0.01,27,163901,卖盘
11:02:07,62.27,0.0,32,199280,卖盘
11:02:10,62.27,0.0,4,24908,卖盘
11:02:12,62.28,0.01,126,789996,买盘
11:02:15,62.28,0.0,24,149471,买盘
11:02:18,62.28,0.0,344,2141986,买盘
11:02:22,62.27,-0.01,97,603975,卖盘
11:02:25,62.27,0.0,14,82186,买盘
11:02:27,62.27,0.0,34,211711,买盘
11:02:30,62.26,-0.01,51,317562,卖盘
11:02:33,62.27,0.01,253,1576546,买盘
11:02:37,62.29,0.02,14,87190,中性盘
11:02:39,62.28,-0.01,111,691329,卖盘
11:02:43,62.29,0.01,81,504536,买盘
11:02:45,62.3,0.01,3,18688,买盘
11:02:48,62.3,0.0,42,261620,买盘
11:02:51,62.28,-0.02,83,516966,卖盘
11:02:54,62.28,0.0,106,660225,买盘
11:02:57,62.28,0.0,11,68512,卖盘
11:03:00,62.25,-0.03,612,3810542,卖盘
11:03:04,62.28,0.03,262,1631976,中性盘
11:03:07,62.3,0.02,93,579187,买盘
11:03:09,62.29,-0.01,43,267925,中性盘
11:03:13,62.27,-0.02,65,404828,卖盘
11:03:15,62.28,0.01,48,298933,中性盘
11:03:18,62.3,0.02,31,193062,买盘
11:03:21,62.26,-0.04,152,946503,卖盘
11:03:24,62.28,0.02,90,560623,买盘
11:03:27,62.29,0.01,28,174479,中性盘
11:03:33,62.32,0.03,3,18696,买盘
11:03:36,62.32,0.0,59,367689,买盘
11:03:39,62.29,-0.03,67,417469,卖盘
11:03:42,62.34,0.05,38,236780,买盘
11:03:45,62.34,0.0,23,143357,买盘
11:03:49,62.35,0.01,75,467608,买盘
11:03:51,62.28,-0.07,64,398720,卖盘
11:03:54,62.34,0.06,22,137127,买盘
11:03:58,62.3,-0.04,10,62308,卖盘
11:04:00,62.31,0.01,27,168279,买盘
11:04:05,62.34,0.03,16,99741,买盘
11:04:07,62.34,0.0,2,12468,买盘
11:04:10,62.31,-0.03,62,386321,卖盘
11:04:13,62.34,0.03,35,218181,买盘
11:04:16,62.33,-0.01,4,24934,中性盘
11:04:19,62.34,0.01,56,349078,买盘
11:04:22,62.35,0.01,84,523709,买盘
11:04:25,62.35,0.0,24,149640,卖盘
11:04:27,62.35,0.0,57,355387,买盘
11:04:31,62.35,0.0,25,155875,买盘
11:04:33,62.34,-0.01,24,149634,卖盘
11:04:36,62.37,0.03,275,1714636,买盘
11:04:39,62.34,-0.03,104,648429,卖盘
11:04:43,62.34,0.0,28,174545,中性盘
11:04:45,62.35,0.01,80,498715,买盘
11:04:48,62.3,-0.05,463,2884937,卖盘
11:04:51,62.3,0.0,87,542010,买盘
11:04:54,62.33,0.03,176,1096568,买盘
11:04:58,62.3,-0.03,87,542014,买盘
11:05:00,62.3,0.0,119,741362,买盘
11:05:04,62.3,0.0,22,137066,卖盘
11:05:06,62.29,-0.01,39,242972,卖盘
11:05:09,62.3,0.01,77,479634,买盘
11:05:13,62.29,-0.01,8,49839,卖盘
11:05:16,62.3,0.01,45,280350,买盘
11:05:19,62.3,0.0,85,529533,买盘
11:05:21,62.29,-0.01,124,772290,卖盘
11:05:24,62.3,0.01,71,442309,买盘
11:05:27,62.3,0.0,9,56070,卖盘
11:05:31,62.31,0.01,7,43614,买盘
11:05:33,62.31,0.0,13,80997,买盘
11:05:37,62.3,-0.01,73,454840,卖盘
11:05:40,62.3,0.0,63,392496,卖盘
11:05:43,62.31,0.01,17,105927,卖盘
11:05:46,62.31,0.0,15,93468,卖盘
11:05:49,62.31,0.0,1,6231,卖盘
11:05:51,62.31,0.0,78,486041,卖盘
11:05:54,62.31,0.0,23,143325,卖盘
11:05:58,62.31,0.0,25,155781,卖盘
11:06:01,62.32,0.01,21,130860,买盘
11:06:04,62.32,0.0,24,149566,买盘
11:06:07,62.32,0.0,29,180712,买盘
11:06:10,62.32,0.0,142,884979,买盘
11:06:12,62.32,0.0,5,31160,卖盘
11:06:16,62.32,0.0,7,43624,卖盘
11:06:18,62.33,0.01,13,81021,买盘
11:06:22,62.33,0.0,70,436303,买盘
11:06:24,62.33,0.0,10,62331,卖盘
11:06:28,62.33,0.0,33,205689,卖盘
11:06:30,62.33,0.0,49,305411,买盘
11:06:33,62.34,0.01,10,60900,买盘
11:06:36,62.34,0.0,65,405210,买盘
11:06:39,62.35,0.01,11,68576,买盘
11:06:43,62.35,0.0,24,149640,买盘
11:06:46,62.35,0.0,15,93515,买盘
11:06:49,62.35,0.0,33,205750,买盘
11:06:51,62.34,-0.01,49,305474,卖盘
11:06:54,62.35,0.01,55,342917,买盘
11:06:57,62.34,-0.01,12,74817,卖盘
11:07:01,62.36,0.02,63,392809,买盘
11:07:05,62.35,-0.01,30,187048,中性盘
11:07:07,62.35,0.0,19,118464,买盘
11:07:09,62.37,0.02,97,604875,买盘
11:07:12,62.37,0.0,35,218286,买盘
11:07:16,62.37,0.0,23,143448,买盘
11:07:18,62.37,0.0,25,155915,买盘
11:07:22,62.36,-0.01,14,87306,卖盘
11:07:25,62.37,0.01,112,698529,买盘
11:07:28,62.37,0.0,45,280623,买盘
11:07:31,62.36,-0.01,98,611129,卖盘
11:07:33,62.36,0.0,47,293092,买盘
11:07:36,62.36,0.0,29,180829,买盘
11:07:39,62.35,-0.01,190,1184660,卖盘
11:07:43,62.35,0.0,59,367845,买盘
11:07:45,62.35,0.0,23,143398,买盘
11:07:49,62.34,-0.01,52,324211,卖盘
11:07:52,62.35,0.01,210,1308867,买盘
11:07:54,62.34,-0.01,9,56106,卖盘
11:07:57,62.34,0.0,20,124679,卖盘
11:08:01,62.34,0.0,173,1078365,买盘
11:08:04,62.34,0.0,114,710669,买盘
11:08:07,62.33,-0.01,31,193216,买盘
11:08:09,62.32,-0.01,93,579660,卖盘
11:08:12,62.33,0.01,30,186976,买盘
11:08:16,62.33,0.0,141,878852,买盘
11:08:19,62.33,0.0,34,211905,买盘
11:08:22,62.33,0.0,97,604561,买盘
11:08:25,62.32,-0.01,131,816334,卖盘
11:08:28,62.32,0.0,36,224345,买盘
11:08:31,62.31,-0.01,95,591958,卖盘
11:08:34,62.32,0.01,15,93473,买盘
11:08:37,62.32,0.0,160,996890,买盘
11:08:40,62.31,-0.01,72,448640,卖盘
11:08:43,62.31,0.0,35,218080,买盘
11:08:46,62.31,0.0,88,548323,买盘
11:08:49,62.31,0.0,216,1345887,买盘
11:08:51,62.31,0.0,56,348931,卖盘
11:08:54,62.31,0.0,46,286630,卖盘
11:08:57,62.32,0.01,51,317798,买盘
11:09:00,62.32,0.0,166,1034355,买盘
11:09:04,62.31,-0.01,16,99706,卖盘
11:09:07,62.32,0.01,159,990786,买盘
11:09:10,62.31,-0.01,204,1271130,买盘
11:09:12,62.3,-0.01,31,193151,卖盘
11:09:16,62.31,0.01,97,604482,买盘
11:09:18,62.31,0.0,106,660626,卖盘
11:09:21,62.31,0.0,329,2050005,卖盘
11:09:24,62.31,0.0,30,186937,卖盘
11:09:27,62.32,0.01,27,168239,买盘
11:09:31,62.32,0.0,149,928335,买盘
11:09:34,62.31,-0.01,49,305364,卖盘
11:09:36,62.32,0.01,25,155790,买盘
11:09:39,62.32,0.0,27,168248,买盘
11:09:42,62.31,-0.01,12,74772,卖盘
11:09:45,62.31,0.0,17,105930,卖盘
11:09:49,62.32,0.01,8,49854,买盘
11:09:51,62.31,-0.01,58,361401,卖盘
11:09:55,62.31,0.0,25,155771,买盘
11:09:57,62.31,0.0,74,461077,买盘
11:10:00,62.31,0.0,85,529568,买盘
11:10:05,62.31,0.0,46,286624,买盘
11:10:06,62.3,-0.01,83,517111,卖盘
11:10:09,62.3,0.0,16,99686,卖盘
11:10:12,62.31,0.01,18,112149,买盘
11:10:15,62.3,-0.01,58,361361,卖盘
11:10:19,62.31,0.01,12,74761,买盘
11:10:22,62.31,0.0,477,2971728,买盘
11:10:24,62.3,-0.01,155,967020,卖盘
11:10:27,62.3,0.0,34,211812,买盘
11:10:31,62.3,0.0,126,784841,买盘
11:10:34,62.29,-0.01,68,423627,中性盘
11:10:37,62.29,0.0,32,199332,买盘
11:10:39,62.28,-0.01,63,392374,卖盘
11:10:43,62.29,0.01,57,355032,买盘
11:10:45,62.29,0.0,49,305218,买盘
11:10:49,62.29,0.0,30,186862,买盘
11:10:51,62.28,-0.01,55,342544,卖盘
11:10:54,62.28,0.0,62,386111,卖盘
11:10:58,62.28,0.0,217,1351756,买盘
11:11:01,62.27,-0.01,146,909217,卖盘
11:11:04,62.27,0.0,58,361229,卖盘
11:11:07,62.27,0.0,17,105849,买盘
11:11:09,62.26,-0.01,104,647567,卖盘
11:11:12,62.27,0.01,85,529277,买盘
11:11:16,62.27,0.0,199,1239166,买盘
11:11:19,62.27,0.0,22,136996,卖盘
11:11:21,62.27,0.0,15,93405,卖盘
11:11:25,62.28,0.01,18,112101,买盘
11:11:27,62.28,0.0,6,37368,买盘
11:11:31,62.27,-0.01,25,155689,卖盘
11:11:33,62.29,0.02,63,392367,买盘
11:11:37,62.29,0.0,3,18687,卖盘
11:11:40,62.3,0.01,26,161963,买盘
11:11:43,62.29,-0.01,15,93446,中性盘
11:11:45,62.29,0.0,7,43601,卖盘
11:11:49,62.29,0.0,38,236660,买盘
11:11:51,62.29,0.0,56,348730,买盘
11:11:55,62.28,-0.01,26,161947,中性盘
11:11:58,62.3,0.02,114,710181,买盘
11:12:01,62.29,-0.01,15,93435,卖盘
11:12:04,62.29,0.0,11,68520,卖盘
11:12:06,62.29,0.0,12,74748,卖盘
11:12:09,62.29,0.0,204,1270911,卖盘
11:12:12,62.29,0.0,17,105898,卖盘
11:12:16,62.3,0.01,17,105907,买盘
11:12:18,62.29,-0.01,38,236715,卖盘
11:12:21,62.29,0.0,64,398646,卖盘
11:12:24,62.29,0.0,19,118343,买盘
11:12:27,62.29,0.0,14,87206,买盘
11:12:30,62.28,-0.01,22,137026,卖盘
11:12:34,62.28,0.0,21,130790,卖盘
11:12:37,62.28,0.0,3,18685,卖盘
11:12:40,62.28,0.0,29,180617,卖盘
11:12:43,62.28,0.0,377,2348070,卖盘
11:12:46,62.28,0.0,56,348730,买盘
11:12:49,62.28,0.0,77,479548,买盘
11:12:52,62.28,0.0,140,871890,买盘
11:12:55,62.28,0.0,29,180605,买盘
11:12:57,62.28,0.0,16,99638,买盘
11:13:01,62.28,0.0,36,224182,买盘
11:13:04,62.27,-0.01,52,323832,卖盘
11:13:07,62.28,0.01,29,180605,买盘
11:13:09,62.28,0.0,12,74733,买盘
11:13:12,62.28,0.0,29,180612,买盘
11:13:16,62.27,-0.01,16,99641,卖盘
11:13:18,62.28,0.01,13,80961,买盘
11:13:21,62.28,0.0,118,734823,买盘
11:13:25,62.27,-0.01,48,298904,卖盘
11:13:27,62.27,0.0,21,130778,卖盘
11:13:30,62.28,0.01,19,118320,买盘
11:13:34,62.27,-0.01,7,43590,卖盘
11:13:36,62.28,0.01,74,460821,买盘
11:13:39,62.27,-0.01,25,155680,卖盘
11:13:43,62.27,0.0,3,18683,卖盘
11:13:45,62.28,0.01,155,965322,买盘
11:13:49,62.28,0.0,25,155679,中性盘
11:13:51,62.28,0.0,69,429694,买盘
11:13:55,62.28,0.0,23,143242,卖盘
11:13:57,62.28,0.0,15,93419,卖盘
11:14:00,62.29,0.01,4,24915,买盘
11:14:04,62.28,-0.01,69,429732,卖盘
11:14:06,62.28,0.0,36,224190,买盘
11:14:10,62.27,-0.01,44,274025,卖盘
11:14:12,62.27,0.0,5,31139,卖盘
11:14:16,62.28,0.01,31,193060,买盘
11:14:18,62.28,0.0,40,249105,买盘
11:14:22,62.27,-0.01,81,504387,卖盘
11:14:25,62.27,0.0,40,249098,卖盘
11:14:27,62.28,0.01,11,68501,买盘
11:14:31,62.27,-0.01,76,473252,卖盘
11:14:34,62.28,0.01,60,373673,买盘
11:14:37,62.27,-0.01,12,74730,卖盘
11:14:39,62.27,0.0,65,404758,卖盘
11:14:43,62.27,0.0,18,112096,卖盘
11:14:46,62.28,0.01,102,635247,买盘
11:14:49,62.28,0.0,31,193068,卖盘
11:14:51,62.29,0.01,78,485762,买盘
11:14:54,62.28,-0.01,15,93425,卖盘
11:14:57,62.27,-0.01,26,161926,卖盘
11:15:01,62.28,0.01,17,105874,买盘
11:15:04,62.27,-0.01,14,87441,卖盘
11:15:07,62.28,0.01,41,255328,中性盘
11:15:09,62.27,-0.01,11,68509,卖盘
11:15:12,62.28,0.01,9,56056,中性盘
11:15:15,62.28,0.0,9,56053,卖盘
11:15:19,62.28,0.0,33,205526,卖盘
11:15:22,62.28,0.0,150,934169,买盘
11:15:24,62.28,0.0,21,130780,买盘
11:15:27,62.28,0.0,36,224205,买盘
11:15:30,62.28,0.0,27,168154,买盘
11:15:34,62.28,0.0,26,161926,买盘
11:15:37,62.27,-0.01,11,68501,卖盘
11:15:40,62.27,0.0,59,367444,卖盘
11:15:43,62.27,0.0,50,311351,卖盘
11:15:45,62.28,0.01,45,280226,买盘
11:15:49,62.28,0.0,54,336299,买盘
11:15:52,62.27,-0.01,62,386086,卖盘
11:15:54,62.27,0.0,13,80953,卖盘
11:15:57,62.28,0.01,13,80952,买盘
11:16:01,62.27,-0.01,477,2970232,卖盘
11:16:04,62.27,0.0,7,43589,卖盘
11:16:07,62.27,0.0,12,74721,买盘
11:16:10,62.27,0.0,17,105851,买盘
11:16:12,62.27,0.0,9,56043,买盘
11:16:16,62.27,0.0,93,579097,买盘
11:16:19,62.26,-0.01,56,348667,卖盘
11:16:21,62.26,0.0,87,541669,卖盘
11:16:25,62.27,0.01,17,105858,买盘
11:16:27,62.27,0.0,12,74716,买盘
11:16:31,62.27,0.0,82,510606,买盘
11:16:33,62.27,0.0,20,124529,买盘
11:16:36,62.27,0.0,14,87178,买盘
11:16:40,62.27,0.0,63,392245,买盘
11:16:43,62.27,0.0,239,1486323,买盘
11:16:46,62.27,0.0,37,230400,卖盘
11:16:49,62.27,0.0,22,137011,卖盘
11:16:52,62.28,0.01,94,585353,买盘
11:16:55,62.28,0.0,30,186813,买盘
11:16:57,62.28,0.0,185,1152165,买盘
11:17:01,62.29,0.01,26,161930,买盘
11:17:04,62.28,-0.01,13,80966,卖盘
11:17:07,62.29,0.01,38,236702,买盘
11:17:09,62.29,0.0,8,49830,买盘
11:17:13,62.29,0.0,16,99662,买盘
11:17:16,62.29,0.0,8,49831,买盘
11:17:19,62.29,0.0,18,112118,买盘
11:17:22,62.28,-0.01,63,392381,卖盘
11:17:24,62.29,0.01,51,317672,买盘
11:17:27,62.29,0.0,25,155725,买盘
11:17:30,62.29,0.0,34,211769,买盘
11:17:33,62.29,0.0,24,149496,买盘
11:17:36,62.29,0.0,5,31145,卖盘
11:17:39,62.29,0.0,29,180647,卖盘
11:17:46,62.3,0.01,66,411118,买盘
11:17:49,62.29,-0.01,24,149507,卖盘
11:17:51,62.29,0.0,34,211788,卖盘
11:17:54,62.29,0.0,12,74750,卖盘
11:17:57,62.3,0.01,11,68525,买盘
11:18:01,62.29,-0.01,42,261619,卖盘
11:18:04,62.3,0.01,26,161980,买盘
11:18:07,62.31,0.01,715,4459752,买盘
11:18:09,62.31,0.0,75,464643,卖盘
11:18:13,62.31,0.0,6,37388,卖盘
11:18:15,62.31,0.0,5,31158,卖盘
11:18:19,62.31,0.0,9,56079,卖盘
11:18:22,62.32,0.01,14,87238,买盘
11:18:24,62.32,0.0,29,180727,买盘
11:18:27,62.32,0.0,4,24928,卖盘
11:18:30,62.33,0.01,27,168289,买盘
11:18:33,62.33,0.0,40,249317,买盘
11:18:36,62.33,0.0,7,43631,买盘
11:18:40,62.32,-0.01,327,2038093,卖盘
11:18:43,62.32,0.0,73,454956,买盘
11:18:45,62.32,0.0,55,342750,买盘
11:18:48,62.32,0.0,3,18696,卖盘
11:18:52,62.32,0.0,6,37393,卖盘
11:18:55,62.34,0.02,62,386426,买盘
11:18:57,62.33,-0.01,8,49861,中性盘
11:19:00,62.34,0.01,22,137149,买盘
11:19:04,62.32,-0.02,87,542226,卖盘
11:19:07,62.33,0.01,8,49863,中性盘
11:19:10,62.34,0.01,11,68574,买盘
11:19:12,62.35,0.01,18,112222,买盘
11:19:16,62.34,-0.01,7,43640,卖盘
11:19:18,62.34,0.0,13,81042,卖盘
11:19:22,62.34,0.0,1,6234,卖盘
11:19:24,62.35,0.01,385,2400471,买盘
11:19:27,62.35,0.0,188,1172132,卖盘
11:19:30,62.35,0.0,24,149639,卖盘
11:19:34,62.35,0.0,212,1321655,买盘
11:19:37,62.35,0.0,39,243164,买盘
11:19:39,62.35,0.0,49,305507,买盘
11:19:43,62.35,0.0,39,243165,买盘
11:19:45,62.34,-0.01,77,480091,卖盘
11:19:48,62.35,0.01,29,180815,买盘
11:19:52,62.34,-0.01,38,239350,卖盘
11:19:54,62.35,0.01,18,112228,买盘
11:19:58,62.34,-0.01,31,193277,卖盘
11:20:00,62.35,0.01,25,155875,买盘
11:20:04,62.33,-0.02,76,471359,卖盘
11:20:07,62.32,-0.01,16,99726,卖盘
11:20:10,62.33,0.01,3,18699,买盘
11:20:12,62.34,0.01,18,114011,买盘
11:20:16,62.33,-0.01,1,6233,卖盘
11:20:18,62.33,0.0,24,149599,卖盘
11:20:27,62.34,0.01,10,62339,买盘
11:20:31,62.33,-0.01,55,341007,卖盘
11:20:33,62.32,-0.01,32,199426,卖盘
11:20:36,62.32,0.0,85,529769,卖盘
11:20:39,62.33,0.01,37,230606,买盘
11:20:42,62.33,0.0,821,5118341,买盘
11:20:45,62.33,0.0,77,479879,卖盘
11:20:48,62.34,0.01,100,623350,买盘
11:20:51,62.34,0.0,24,149608,买盘
11:20:54,62.34,0.0,4,24935,买盘
11:20:57,62.33,-0.01,7,43635,卖盘
11:21:00,62.34,0.01,4,24935,买盘
11:21:04,62.33,-0.01,159,990971,卖盘
11:21:07,62.34,0.01,7,43636,买盘
11:21:10,62.33,-0.01,7,43631,买盘
11:21:12,62.33,0.0,24,149592,买盘
11:21:15,62.33,0.0,30,186988,买盘
11:21:18,62.34,0.01,127,791651,买盘
11:21:21,62.34,0.0,3,18702,卖盘
11:21:24,62.33,-0.01,9,56103,卖盘
11:21:27,62.34,0.01,2,12468,中性盘
11:21:30,62.35,0.01,10,62348,买盘
11:21:33,62.35,0.0,48,299191,买盘
11:21:36,62.34,-0.01,3,18701,中性盘
11:21:40,62.35,0.01,21,130920,买盘
11:21:43,62.35,0.0,3,18705,买盘
11:21:45,62.36,0.01,15,93526,买盘
11:21:49,62.33,-0.03,12,74801,卖盘
11:21:52,62.36,0.03,10,60550,买盘
11:21:54,62.35,-0.01,25,155886,卖盘
11:21:57,62.35,0.0,37,230733,卖盘
11:22:00,62.36,0.01,62,386498,买盘
11:22:04,62.36,0.0,51,317996,买盘
11:22:07,62.36,0.0,18,112248,买盘
11:22:09,62.36,0.0,60,374169,卖盘
11:22:12,62.34,-0.02,67,417777,卖盘
11:22:16,62.34,0.0,25,155850,买盘
11:22:18,62.34,0.0,92,573553,买盘
11:22:21,62.34,0.0,14,87278,卖盘
11:22:25,62.36,0.02,7,43651,买盘
11:22:28,62.34,-0.02,13,81051,卖盘
11:22:31,62.35,0.01,19,118461,买盘
11:22:34,62.35,0.0,58,361563,买盘
11:22:36,62.37,0.02,57,355436,买盘
11:22:40,62.34,-0.03,9,56106,卖盘
11:22:43,62.37,0.03,158,985411,买盘
11:22:45,62.37,0.0,17,106013,卖盘
11:22:48,62.37,0.0,37,230750,买盘
11:22:52,62.37,0.0,26,162150,买盘
11:22:54,62.38,0.01,393,2451281,买盘
11:22:57,62.37,-0.01,29,180885,卖盘
11:23:00,62.37,0.0,85,530145,卖盘
11:23:04,62.37,0.0,116,723598,卖盘
11:23:06,62.38,0.01,47,293174,买盘
11:23:10,62.37,-0.01,89,555134,卖盘
11:23:12,62.36,-0.01,166,1033131,卖盘
11:23:16,62.36,0.0,6,37420,卖盘
11:23:19,62.38,0.02,12,74856,卖盘
11:23:21,62.38,0.0,71,442984,买盘
11:23:24,62.38,0.0,14,87334,卖盘
11:23:27,62.38,0.0,4,24952,卖盘
11:23:30,62.39,0.01,57,355590,买盘
11:23:33,62.39,0.0,43,268250,卖盘
11:23:36,62.4,0.01,8,49918,买盘
11:23:39,62.39,-0.01,55,343139,卖盘
11:23:42,62.41,0.02,656,4093089,买盘
11:23:46,62.4,-0.01,4,24960,卖盘
11:23:48,62.41,0.01,8,49928,买盘
11:23:52,62.41,0.0,10,62409,买盘
11:23:54,62.4,-0.01,44,274561,卖盘
11:23:58,62.39,-0.01,43,268289,卖盘
11:24:00,62.4,0.01,66,411733,买盘
11:24:05,62.4,0.0,29,180960,买盘
11:24:07,62.4,0.0,59,368123,买盘
11:24:09,62.37,-0.03,86,536495,卖盘
11:24:12,62.41,0.04,132,823498,买盘
11:24:15,62.41,0.0,5,31201,买盘
11:24:18,62.41,0.0,45,280840,买盘
11:24:22,62.41,0.0,7,43685,买盘
11:24:25,62.38,-0.03,68,424229,卖盘
11:24:27,62.4,0.02,31,193456,买盘
11:24:30,62.38,-0.02,32,199620,卖盘
11:24:33,62.4,0.02,42,262080,买盘
11:24:36,62.38,-0.02,7,43669,卖盘
11:24:39,62.4,0.02,107,667580,买盘
11:24:42,62.4,0.0,65,405572,买盘
11:24:45,62.4,0.0,16,99840,买盘
11:24:49,62.4,0.0,325,2027507,买盘
11:24:52,62.4,0.0,43,268299,买盘
11:24:55,62.4,0.0,25,156000,买盘
11:24:57,62.38,-0.02,24,149708,卖盘
11:25:01,62.38,0.0,88,548942,买盘
11:25:04,62.4,0.02,100,623998,买盘
11:25:06,62.38,-0.02,11,68628,卖盘
11:25:10,62.37,-0.01,50,311896,卖盘
11:25:13,62.38,0.01,164,1022955,买盘
11:25:15,62.4,0.02,78,486702,买盘
11:25:19,62.38,-0.02,46,286985,卖盘
11:25:22,62.38,0.0,57,355566,买盘
11:25:24,62.38,0.0,37,230806,买盘
11:25:27,62.39,0.01,77,480393,买盘
11:25:30,62.38,-0.01,70,436664,卖盘
11:25:33,62.39,0.01,15,93583,买盘
11:25:37,62.39,0.0,66,411823,买盘
11:25:39,62.38,-0.01,88,549023,卖盘
11:25:42,62.4,0.02,92,573946,买盘
11:25:46,62.38,-0.02,2,12476,卖盘
11:25:49,62.4,0.02,12,74872,买盘
11:25:52,62.4,0.0,69,430554,买盘
11:25:55,62.41,0.01,429,2677011,买盘
11:25:58,62.4,-0.01,10,62400,卖盘
11:26:00,62.41,0.01,22,137302,买盘
11:26:04,62.4,-0.01,13,81122,卖盘
11:26:06,62.43,0.03,199,1247291,买盘
11:26:12,62.43,0.0,99,617803,买盘
11:26:15,62.42,-0.01,53,330826,买盘
11:26:18,62.42,0.0,39,241365,买盘
11:26:21,62.41,-0.01,21,131058,卖盘
11:26:24,62.41,0.0,58,362021,买盘
11:26:28,62.42,0.01,4,24968,买盘
11:26:30,62.41,-0.01,154,961250,卖盘
11:26:33,62.4,-0.01,52,326579,卖盘
11:26:37,62.41,0.01,6,37449,卖盘
11:26:40,62.4,-0.01,98,611764,卖盘
11:26:43,62.41,0.01,91,567851,买盘
11:26:46,62.41,0.0,4,24964,买盘
11:26:49,62.4,-0.01,79,493100,卖盘
11:26:51,62.4,0.0,114,711303,卖盘
11:26:54,62.4,0.0,30,187198,买盘
11:26:57,62.4,0.0,49,305803,买盘
11:27:01,62.4,0.0,105,655330,卖盘
11:27:05,62.39,-0.01,101,630210,卖盘
11:27:07,62.39,0.0,75,467920,买盘
11:27:09,62.4,0.01,47,293250,买盘
11:27:12,62.39,-0.01,144,898394,卖盘
11:27:15,62.39,0.0,290,1809310,买盘
11:27:19,62.39,0.0,66,407312,买盘
11:27:21,62.39,0.0,255,1590945,买盘
11:27:25,62.38,-0.01,873,5450219,卖盘
11:27:27,62.39,0.01,172,1073061,买盘
11:27:31,62.37,-0.02,8,49902,卖盘
11:27:33,62.38,0.01,21,130998,买盘
11:27:36,62.37,-0.01,254,1584699,卖盘
11:27:40,62.4,0.03,105,655185,买盘
11:27:43,62.38,-0.02,16,99808,卖盘
11:27:46,62.38,0.0,10,62380,买盘
11:27:48,62.38,0.0,8,49902,买盘
11:27:52,62.37,-0.01,104,648734,卖盘
11:27:55,62.37,0.0,36,224552,卖盘
11:27:58,62.37,0.0,11,68609,卖盘
11:28:01,62.37,0.0,59,368019,卖盘
11:28:04,62.37,0.0,67,417882,卖盘
11:28:07,62.37,0.0,19,118513,卖盘
11:28:09,62.37,0.0,3,18711,卖盘
11:28:12,62.36,-0.01,71,442774,卖盘
11:28:16,62.4,0.04,482,3003022,买盘
11:28:18,62.37,-0.03,43,268307,卖盘
11:28:22,62.4,0.03,1,6240,买盘
11:28:24,62.4,0.0,126,786339,买盘
11:28:27,62.4,0.0,8,49920,买盘
11:28:31,62.38,-0.02,33,210263,卖盘
11:28:34,62.4,0.02,5,26762,买盘
11:28:37,62.4,0.0,6,37430,买盘
11:28:39,62.4,0.0,65,405542,买盘
11:28:42,62.37,-0.03,87,547061,卖盘
11:28:46,62.38,0.01,135,842136,买盘
11:28:49,62.4,0.02,79,492912,买盘
11:28:52,62.37,-0.03,14,87329,卖盘
11:28:55,62.4,0.03,60,374380,买盘
11:28:57,62.37,-0.03,4,24953,卖盘
11:29:01,62.37,0.0,15,93565,卖盘
11:29:04,62.37,0.0,71,442944,卖盘
11:29:07,62.4,0.03,58,361768,买盘
11:29:09,62.4,0.0,25,155970,买盘
11:29:12,62.37,-0.03,78,486519,卖盘
11:29:15,62.37,0.0,31,193377,中性盘
11:29:18,62.37,0.0,128,798256,买盘
11:29:22,62.37,0.0,23,143446,买盘
11:29:24,62.36,-0.01,13,81069,卖盘
11:29:27,62.36,0.0,90,561318,买盘
11:29:30,62.35,-0.01,16,99775,卖盘
11:29:33,62.36,0.01,68,424030,卖盘
11:29:36,62.35,-0.01,30,187076,卖盘
11:29:39,62.35,0.0,13,81058,卖盘
11:29:43,62.36,0.01,89,554946,买盘
11:29:46,62.36,0.0,20,124720,买盘
11:29:49,62.35,-0.01,402,2506569,卖盘
11:29:52,62.36,0.01,212,1322353,买盘
11:29:54,62.4,0.04,11,68604,买盘
11:29:58,62.36,-0.04,16,99820,卖盘
11:30:01,62.4,0.04,2,12476,买盘
13:00:00,62.4,0.0,109,680150,买盘
13:00:05,62.4,0.0,2414,15063236,买盘
13:00:07,62.41,0.01,414,2584127,中性盘
13:00:10,62.45,0.04,76,474426,买盘
13:00:13,62.46,0.01,98,611990,买盘
13:00:15,62.44,-0.02,171,1068050,买盘
13:00:18,62.45,0.01,9,53382,买盘
13:00:22,62.46,0.01,8,49960,买盘
13:00:25,62.44,-0.02,62,387184,中性盘
13:00:28,62.46,0.02,61,384137,买盘
13:00:30,62.45,-0.01,83,515223,卖盘
13:00:33,62.45,0.0,56,349697,买盘
13:00:36,62.44,-0.01,70,440270,卖盘
13:00:40,62.45,0.01,12,70067,买盘
13:00:42,62.42,-0.03,32,201441,卖盘
13:00:46,62.42,0.0,21,131099,卖盘
13:00:49,62.43,0.01,52,324632,买盘
13:00:51,62.45,0.02,23,143614,买盘
13:00:55,62.43,-0.02,122,761647,卖盘
13:00:57,62.44,0.01,6,37462,买盘
13:01:01,62.45,0.01,373,2328248,买盘
13:01:04,62.42,-0.03,188,1173357,中性盘
13:01:07,62.44,0.02,38,238934,买盘
13:01:10,62.45,0.01,73,452876,买盘
13:01:13,62.44,-0.01,54,337140,卖盘
13:01:15,62.42,-0.02,28,174828,卖盘
13:01:18,62.4,-0.02,174,1085825,卖盘
13:01:22,62.43,0.03,9,56187,买盘
13:01:25,62.43,0.0,64,399406,买盘
13:01:27,62.41,-0.02,13,81143,卖盘
13:01:30,62.42,0.01,131,817450,买盘
13:01:33,62.41,-0.01,520,3244892,卖盘
13:01:36,62.41,0.0,67,418098,中性盘
13:01:40,62.41,0.0,20,124810,卖盘
13:01:43,62.4,-0.01,133,831424,卖盘
13:01:46,62.4,0.0,82,511618,买盘
13:01:48,62.38,-0.02,62,386815,卖盘
13:01:51,62.38,0.0,161,1004481,卖盘
13:01:55,62.38,0.0,70,436676,卖盘
13:01:58,62.39,0.01,9,56151,卖盘
13:02:01,62.38,-0.01,45,280756,卖盘
13:02:05,62.38,0.0,114,711171,卖盘
13:02:07,62.38,0.0,63,396728,买盘
13:02:10,62.37,-0.01,67,417999,卖盘
13:02:12,62.38,0.01,30,187140,卖盘
13:02:16,62.37,-0.01,24,149699,卖盘
13:02:19,62.38,0.01,6,37428,买盘
13:02:21,62.37,-0.01,11,68610,卖盘
13:02:25,62.39,0.02,70,436645,买盘
13:02:28,62.37,-0.02,66,411828,卖盘
13:02:31,62.39,0.02,6,37433,买盘
13:02:34,62.38,-0.01,154,960745,卖盘
13:02:36,62.37,-0.01,102,634765,卖盘
13:02:39,62.39,0.02,522,3257607,买盘
13:02:43,62.38,-0.01,42,261972,买盘
13:02:45,62.38,0.0,40,249507,买盘
13:02:48,62.39,0.01,4,24953,买盘
13:02:51,62.4,0.01,278,1734443,买盘
13:02:55,62.4,0.0,33,205920,卖盘
13:02:57,62.41,0.01,8,49928,卖盘
13:03:00,62.4,-0.01,57,355680,卖盘
13:03:04,62.4,0.0,242,1510100,卖盘
13:03:06,62.39,-0.01,64,399395,卖盘
13:03:09,62.4,0.01,8,49919,买盘
13:03:12,62.4,0.0,358,2233920,买盘
13:03:15,62.4,0.0,60,374464,卖盘
13:03:19,62.4,0.0,18,112346,卖盘
13:03:21,62.42,0.02,17,106110,买盘
13:03:24,62.42,0.0,21,131044,买盘
13:03:27,62.43,0.01,44,274610,买盘
13:03:30,62.43,0.0,14,87400,买盘
13:03:33,62.41,-0.02,1154,7201750,卖盘
13:03:37,62.41,0.0,46,290262,买盘
13:03:40,62.41,0.0,7,43691,卖盘
13:03:43,62.48,0.07,349,2179937,买盘
13:03:45,62.47,-0.01,5,31235,中性盘
13:03:48,62.42,-0.05,225,1405572,卖盘
13:03:51,62.45,0.03,192,1198861,买盘
13:03:55,62.5,0.05,243,1517967,买盘
13:03:57,62.5,0.0,82,512496,买盘
13:04:01,62.5,0.0,2,12500,买盘
13:04:04,62.47,-0.03,185,1155899,卖盘
13:04:07,62.47,0.0,147,918288,买盘
13:04:10,62.5,0.03,71,443538,买盘
13:04:12,62.42,-0.08,84,524470,卖盘
13:04:16,62.47,0.05,25,156175,买盘
13:04:18,62.5,0.03,36,225000,买盘
13:04:22,62.5,0.0,79,493735,买盘
13:04:24,62.47,-0.03,102,637421,卖盘
13:04:27,62.47,0.0,37,231156,中性盘
13:04:30,62.5,0.03,60,370992,买盘
13:04:33,62.5,0.0,664,4147258,卖盘
13:04:37,62.5,0.0,36,225052,卖盘
13:04:40,62.47,-0.03,38,237503,卖盘
13:04:42,62.5,0.03,29,181264,中性盘
13:04:46,62.51,0.01,9,56254,中性盘
13:04:49,62.51,0.0,110,687524,卖盘
13:04:51,62.51,0.0,71,443777,卖盘
13:04:54,62.51,0.0,20,125021,卖盘
13:04:57,62.52,0.01,61,381400,买盘
13:05:01,62.52,0.0,3,18755,买盘
13:05:05,62.52,0.0,194,1212603,买盘
13:05:07,62.53,0.01,85,531462,买盘
13:05:09,62.53,0.0,34,212577,买盘
13:05:12,62.51,-0.02,56,350138,卖盘
13:05:16,62.52,0.01,155,968969,买盘
13:05:19,62.53,0.01,2,12506,买盘
13:05:21,62.52,-0.01,13,81279,卖盘
13:05:24,62.53,0.01,177,1106607,买盘
13:05:28,62.52,-0.01,40,250075,买盘
13:05:31,62.53,0.01,34,212586,买盘
13:05:34,62.5,-0.03,137,856371,卖盘
13:05:36,62.52,0.02,70,437566,买盘
13:05:40,62.5,-0.02,44,275029,卖盘
13:05:43,62.5,0.0,28,175002,卖盘
13:05:46,62.5,0.0,39,243768,卖盘
13:05:49,62.5,0.0,41,256354,卖盘
13:05:51,62.51,0.01,37,231323,卖盘
13:05:54,62.51,0.0,17,106267,卖盘
13:05:57,62.52,0.01,32,202822,卖盘
13:06:00,62.52,0.0,37,231322,卖盘
13:06:05,62.51,-0.01,69,428588,卖盘
13:06:07,62.5,-0.01,254,1587696,卖盘
13:06:09,62.52,0.02,5,31260,中性盘
13:06:13,62.5,-0.02,115,718954,卖盘
13:06:15,62.5,0.0,123,768765,卖盘
13:06:18,62.5,0.0,11,68750,卖盘
13:06:21,62.5,0.0,17,106257,卖盘
13:06:24,62.51,0.01,44,275019,买盘
13:06:28,62.51,0.0,35,218785,买盘
13:06:31,62.51,0.0,3,18753,卖盘
13:06:34,62.51,0.0,104,653543,卖盘
13:06:36,62.52,0.01,27,165794,买盘
13:06:39,62.51,-0.01,66,412539,卖盘
13:06:43,62.51,0.0,271,1693770,买盘
13:06:46,62.5,-0.01,21,131060,买盘
13:06:49,62.5,0.0,42,262512,卖盘
13:06:51,62.48,-0.02,122,762582,卖盘
13:06:54,62.49,0.01,5,31247,卖盘
13:06:57,62.51,0.02,59,368725,买盘
13:07:00,62.51,0.0,7,43741,买盘
13:07:04,62.48,-0.03,123,768533,卖盘
13:07:06,62.49,0.01,22,137457,中性盘
13:07:09,62.5,0.01,86,540773,买盘
13:07:13,62.5,0.0,30,187481,买盘
13:07:16,62.49,-0.01,23,140480,卖盘
13:07:18,62.5,0.01,29,181230,买盘
13:07:21,62.49,-0.01,28,174982,卖盘
13:07:24,62.5,0.01,105,656231,买盘
13:07:27,62.5,0.0,78,487420,买盘
13:07:31,62.5,0.0,81,506144,买盘
13:07:33,62.48,-0.02,198,1237206,卖盘
13:07:37,62.5,0.02,84,524947,买盘
13:07:39,62.48,-0.02,22,137458,卖盘
13:07:42,62.49,0.01,41,256187,买盘
13:07:46,62.49,0.0,63,393929,中性盘
13:07:49,62.51,0.02,20,124989,买盘
13:07:51,62.51,0.0,382,2388022,买盘
13:07:54,62.51,0.0,29,181279,卖盘
13:07:58,62.51,0.0,3,18753,卖盘
13:08:00,62.51,0.0,6,37506,卖盘
13:08:04,62.52,0.01,215,1344058,买盘
13:08:07,62.52,0.0,29,184532,买盘
13:08:10,62.52,0.0,31,193791,买盘
13:08:12,62.52,0.0,37,231306,买盘
13:08:15,62.52,0.0,42,262580,买盘
13:08:19,62.52,0.0,25,156294,买盘
13:08:21,62.52,0.0,25,156294,买盘
13:08:24,62.52,0.0,64,400103,买盘
13:08:27,62.52,0.0,209,1306656,买盘
13:08:31,62.52,0.0,12,75025,卖盘
13:08:33,62.52,0.0,409,2556839,卖盘
13:08:37,62.52,0.0,14,84529,卖盘
13:08:39,62.52,0.0,44,275111,卖盘
13:08:42,62.52,0.0,42,262602,卖盘
13:08:46,62.54,0.02,246,1538225,买盘
13:08:48,62.52,-0.02,38,237582,卖盘
13:08:51,62.52,0.0,90,562707,卖盘
13:08:55,62.52,0.0,69,431398,卖盘
13:08:58,62.52,0.0,35,218855,卖盘
13:09:00,62.53,0.01,33,206353,卖盘
13:09:04,62.52,-0.01,36,228100,卖盘
13:09:07,62.52,0.0,103,640887,买盘
13:09:10,62.52,0.0,124,778564,买盘
13:09:12,62.52,0.0,100,625304,卖盘
13:09:16,62.53,0.01,26,162598,中性盘
13:09:18,62.53,0.0,35,218856,卖盘
13:09:22,62.54,0.01,55,343968,买盘
13:09:25,62.53,-0.01,23,143819,卖盘
13:09:27,62.55,0.02,60,375241,买盘
13:09:30,62.54,-0.01,12,75047,中性盘
13:09:33,62.53,-0.01,132,825418,卖盘
13:09:36,62.54,0.01,23,140768,买盘
13:09:39,62.54,0.0,42,262696,买盘
13:09:43,62.54,0.0,41,256429,卖盘
13:09:45,62.54,0.0,8,50037,卖盘
13:09:48,62.55,0.01,337,2107869,买盘
13:09:51,62.55,0.0,47,293985,卖盘
13:09:55,62.55,0.0,66,412841,卖盘
13:09:58,62.56,0.01,61,381603,买盘
13:10:00,62.56,0.0,3,18768,卖盘
13:10:04,62.57,0.01,144,900927,买盘
13:10:07,62.56,-0.01,44,275301,卖盘
13:10:10,62.57,0.01,123,769594,买盘
13:10:13,62.57,0.0,139,873065,买盘
13:10:15,62.57,0.0,12,75084,卖盘
13:10:18,62.58,0.01,72,450481,买盘
13:10:21,62.58,0.0,54,337932,买盘
13:10:25,62.58,0.0,23,143914,买盘
13:10:28,62.58,0.0,111,694635,买盘
13:10:31,62.58,0.0,24,150183,买盘
13:10:33,62.58,0.0,127,794768,卖盘
13:10:36,62.58,0.0,11,65836,卖盘
13:10:39,62.58,0.0,30,187744,卖盘
13:10:42,62.58,0.0,41,256614,卖盘
13:10:46,62.59,0.01,406,2541551,买盘
13:10:49,62.59,0.0,37,231572,买盘
13:10:52,62.59,0.0,27,168989,买盘
13:10:54,62.59,0.0,29,181511,卖盘
13:10:57,62.6,0.01,4,25039,中性盘
13:11:01,62.6,0.0,649,4060491,买盘
13:11:05,62.58,-0.02,121,757289,卖盘
13:11:07,62.58,0.0,59,369277,买盘
13:11:10,62.6,0.02,34,212763,买盘
13:11:13,62.6,0.0,19,118941,卖盘
13:11:15,62.6,0.0,662,4140489,卖盘
13:11:18,62.61,0.01,83,517630,买盘
13:11:21,62.6,-0.01,22,137718,卖盘
13:11:25,62.61,0.01,25,156501,买盘
13:11:27,62.61,0.0,56,350169,买盘
13:11:30,62.61,0.0,72,450792,卖盘
13:11:33,62.6,-0.01,227,1421057,卖盘
13:11:36,62.61,0.01,19,118957,卖盘
13:11:39,62.6,-0.01,35,219134,卖盘
13:11:43,62.6,0.0,63,394394,卖盘
13:11:46,62.61,0.01,51,319309,买盘
13:11:48,62.61,0.0,59,369399,买盘
13:11:52,62.61,0.0,35,222401,买盘
13:11:54,62.61,0.0,52,325576,卖盘
13:11:57,62.62,0.01,12,75138,买盘
13:12:00,62.62,0.0,50,313065,买盘
13:12:04,62.61,-0.01,102,638657,卖盘
13:12:07,62.63,0.02,66,410308,买盘
13:12:10,62.62,-0.01,11,68883,卖盘
13:12:13,62.62,0.0,54,338190,卖盘
13:12:15,62.63,0.01,23,144049,买盘
13:12:18,62.64,0.01,7,43846,买盘
13:12:21,62.64,0.0,10,62637,买盘
13:12:25,62.67,0.03,253,1585372,买盘
13:12:28,62.65,-0.02,2,12530,卖盘
13:12:31,62.66,0.01,5,31330,买盘
13:12:34,62.65,-0.01,36,225552,卖盘
13:12:37,62.65,0.0,77,482361,卖盘
13:12:39,62.67,0.02,67,423080,买盘
13:12:42,62.67,0.0,80,501360,卖盘
13:12:45,62.67,0.0,13,81476,卖盘
13:12:49,62.68,0.01,37,231901,买盘
13:12:52,62.69,0.01,13,81485,买盘
13:12:54,62.68,-0.01,24,150432,卖盘
13:12:57,62.69,0.01,9,56419,买盘
13:13:01,62.69,0.0,260,1630079,买盘
13:13:04,62.69,0.0,61,382424,卖盘
13:13:06,62.7,0.01,1071,6712041,买盘
13:13:09,62.71,0.01,132,827643,买盘
13:13:12,62.7,-0.01,25,156750,卖盘
13:13:16,62.7,0.0,23,144223,卖盘
13:13:19,62.71,0.01,27,169320,买盘
13:13:21,62.71,0.0,10,62717,卖盘
13:13:25,62.72,0.01,39,244587,买盘
13:13:27,62.72,0.0,24,150525,买盘
13:13:31,62.72,0.0,110,689927,买盘
13:13:34,62.73,0.01,74,464112,买盘
13:13:37,62.73,0.0,229,1439442,买盘
13:13:39,62.74,0.01,102,639858,买盘
13:13:42,62.73,-0.01,19,119187,中性盘
13:13:46,62.74,0.01,475,2980158,买盘
13:13:49,62.74,0.0,48,301154,卖盘
13:13:52,62.75,0.01,32,200800,买盘
13:13:54,62.75,0.0,115,721550,买盘
13:13:57,62.76,0.01,60,376501,买盘
13:14:00,62.76,0.0,44,276127,买盘
13:14:05,62.76,0.0,89,558587,买盘
13:14:07,62.75,-0.01,274,1719533,卖盘
13:14:09,62.76,0.01,114,712452,买盘
13:14:13,62.76,0.0,47,294978,卖盘
13:14:15,62.76,0.0,136,853556,卖盘
13:14:18,62.76,0.0,207,1299319,卖盘
13:14:21,62.77,0.01,70,439356,买盘
13:14:25,62.77,0.0,27,169458,买盘
13:14:27,62.77,0.0,75,470770,买盘
13:14:30,62.77,0.0,111,696744,买盘
13:14:34,62.76,-0.01,178,1117220,卖盘
13:14:36,62.77,0.01,120,756530,中性盘
13:14:39,62.78,0.01,113,709398,买盘
13:14:43,62.77,-0.01,64,401748,卖盘
13:14:46,62.77,0.0,46,288770,卖盘
13:14:49,62.77,0.0,290,1820426,卖盘
13:14:51,62.77,0.0,61,379635,卖盘
13:14:54,62.78,0.01,118,740734,买盘
13:14:58,62.77,-0.01,44,276183,买盘
13:15:00,62.78,0.01,119,747055,买盘
13:15:05,62.75,-0.03,277,1738694,卖盘
13:15:07,62.77,0.02,130,816023,中性盘
13:15:10,62.77,0.0,162,1016801,卖盘
13:15:12,62.75,-0.02,68,426782,卖盘
13:15:16,62.76,0.01,29,182035,中性盘
13:15:19,62.76,0.0,23,144329,中性盘
13:15:21,62.76,0.0,113,712092,买盘
13:15:24,62.75,-0.01,75,470665,中性盘
13:15:27,62.75,0.0,66,414253,卖盘
13:15:30,62.75,0.0,9,56481,卖盘
13:15:33,62.74,-0.01,204,1280053,卖盘
13:15:37,62.76,0.02,82,511574,买盘
13:15:39,62.76,0.0,23,144349,卖盘
13:15:42,62.77,0.01,74,464418,买盘
13:15:45,62.75,-0.02,32,200791,买盘
13:15:48,62.74,-0.01,33,207069,卖盘
13:15:51,62.75,0.01,7,43925,买盘
13:15:54,62.74,-0.01,102,640002,卖盘
13:15:58,62.74,0.0,27,169390,买盘
13:16:01,62.74,0.0,29,181938,买盘
13:16:04,62.73,-0.01,75,473504,卖盘
13:16:07,62.72,-0.01,72,448634,卖盘
13:16:10,62.73,0.01,18,112912,买盘
13:16:12,62.72,-0.01,57,357524,卖盘
13:16:15,62.72,0.0,129,809010,卖盘
13:16:18,62.72,0.0,15,94076,中性盘
13:16:21,62.72,0.0,10,62720,卖盘
13:16:25,62.7,-0.02,76,476559,卖盘
13:16:28,62.72,0.02,82,514299,买盘
13:16:30,62.72,0.0,134,840393,买盘
13:16:33,62.71,-0.01,86,539242,卖盘
13:16:37,62.71,0.0,65,410824,买盘
13:16:40,62.71,0.0,1098,6881302,买盘
13:16:42,62.68,-0.03,99,620697,卖盘
13:16:45,62.67,-0.01,4,25071,中性盘
13:16:48,62.68,0.01,29,181759,买盘
13:16:51,62.68,0.0,37,231907,买盘
13:16:55,62.7,0.02,42,263231,买盘
13:16:57,62.66,-0.04,7,43874,卖盘
13:17:00,62.69,0.03,56,350970,买盘
13:17:04,62.68,-0.01,224,1404244,卖盘
13:17:06,62.69,0.01,20,125370,中性盘
13:17:09,62.69,0.0,2,12538,买盘
13:17:13,62.67,-0.02,199,1247662,卖盘
13:17:15,62.69,0.02,58,360512,买盘
13:17:18,62.69,0.0,12,75232,卖盘
13:17:21,62.7,0.01,16,100313,买盘
13:17:25,62.71,0.01,40,250791,买盘
13:17:27,62.7,-0.01,34,213178,卖盘
13:17:30,62.7,0.0,49,307226,买盘
13:17:33,62.7,0.0,226,1416858,买盘
13:17:36,62.7,0.0,27,172526,买盘
13:17:40,62.7,0.0,149,933911,买盘
13:17:43,62.66,-0.04,463,2902798,卖盘
13:17:46,62.67,0.01,16,100287,中性盘
13:17:49,62.68,0.01,91,570071,买盘
13:17:52,62.67,-0.01,149,934094,卖盘
13:17:55,62.69,0.02,32,200528,买盘
13:17:58,62.69,0.0,15,94030,买盘
13:18:00,62.68,-0.01,4,25072,卖盘
13:18:04,62.67,-0.01,178,1115501,卖盘
13:18:07,62.69,0.02,49,304282,买盘
13:18:09,62.7,0.01,16,100307,买盘
13:18:13,62.69,-0.01,24,153288,卖盘
13:18:16,62.68,-0.01,46,288357,卖盘
13:18:19,62.69,0.01,81,507789,买盘
13:18:22,62.68,-0.01,23,144170,卖盘
13:18:25,62.68,0.0,44,275795,卖盘
13:18:28,62.69,0.01,23,144175,买盘
13:18:30,62.68,-0.01,52,325975,卖盘
13:18:33,62.68,0.0,33,206855,卖盘
13:18:37,62.67,-0.01,101,633066,卖盘
13:18:40,62.68,0.01,17,106556,买盘
13:18:43,62.67,-0.01,172,1077899,卖盘
13:18:46,62.66,-0.01,53,332184,中性盘
13:18:48,62.67,0.01,13,81469,买盘
13:18:52,62.66,-0.01,44,275742,卖盘
13:18:55,62.67,0.01,79,495011,买盘
13:18:57,62.66,-0.01,65,405396,中性盘
13:19:01,62.66,0.0,36,225573,买盘
13:19:04,62.65,-0.01,113,708093,卖盘
13:19:07,62.65,0.0,30,191166,卖盘
13:19:09,62.66,0.01,29,181694,买盘
13:19:13,62.66,0.0,160,1002416,买盘
13:19:15,62.67,0.01,203,1272020,买盘
13:19:19,62.67,0.0,50,313353,卖盘
13:19:22,62.68,0.01,14,87741,买盘
13:19:24,62.67,-0.01,33,206808,卖盘
13:19:28,62.67,0.0,14,87735,买盘
13:19:31,62.67,0.0,41,256962,买盘
13:19:33,62.67,0.0,35,219325,中性盘
13:19:37,62.68,0.01,47,291534,买盘
13:19:40,62.67,-0.01,22,137875,卖盘
13:19:43,62.68,0.01,72,451234,买盘
13:19:46,62.67,-0.01,5,31338,卖盘
13:19:49,62.67,0.0,92,576566,卖盘
13:19:52,62.67,0.0,51,319616,买盘
13:19:54,62.67,0.0,52,325865,买盘
13:19:57,62.67,0.0,53,333036,买盘
13:20:00,62.67,0.0,56,350081,卖盘
13:20:04,62.67,0.0,56,350924,卖盘
13:20:06,62.66,-0.01,88,548468,卖盘
13:20:09,62.67,0.01,57,357163,买盘
13:20:12,62.66,-0.01,25,156653,卖盘
13:20:16,62.67,0.01,145,908670,买盘
13:20:19,62.67,0.0,28,175451,买盘
13:20:21,62.67,0.0,42,263197,买盘
13:20:24,62.65,-0.02,437,2738133,卖盘
13:20:28,62.66,0.01,96,601530,买盘
13:20:30,62.66,0.0,22,137856,买盘
13:20:33,62.65,-0.01,36,225543,卖盘
13:20:36,62.66,0.01,39,247623,买盘
13:20:40,62.67,0.01,75,469961,买盘
13:20:43,62.66,-0.01,64,400962,中性盘
13:20:45,62.67,0.01,87,545071,买盘
13:20:49,62.67,0.0,81,507489,买盘
13:20:51,62.66,-0.01,12,75196,中性盘
13:20:55,62.67,0.01,423,2650810,买盘
13:20:57,62.68,0.01,30,188014,买盘
13:21:01,62.67,-0.01,15,94006,卖盘
13:21:04,62.68,0.01,171,1071786,买盘
13:21:07,62.68,0.0,38,235105,买盘
13:21:10,62.68,0.0,25,156705,卖盘
13:21:12,62.68,0.0,26,162968,卖盘
13:21:16,62.68,0.0,108,676884,卖盘
13:21:18,62.68,0.0,43,269524,买盘
13:21:21,62.69,0.01,300,1880424,买盘
13:21:24,62.68,-0.01,30,188025,卖盘
13:21:27,62.68,0.0,27,169231,买盘
13:21:31,62.66,-0.02,1,6266,卖盘
13:21:34,62.66,0.0,24,150390,卖盘
13:21:36,62.68,0.02,34,213102,买盘
13:21:39,62.66,-0.02,32,200549,卖盘
13:21:43,62.67,0.01,32,200525,买盘
13:21:45,62.67,0.0,54,338413,买盘
13:21:48,62.66,-0.01,10,65918,卖盘
13:21:51,62.66,0.0,9,56397,卖盘
13:21:54,62.67,0.01,59,369734,买盘
13:21:57,62.67,0.0,41,256937,买盘
13:22:01,62.67,0.0,209,1309411,买盘
13:22:04,62.67,0.0,83,520319,买盘
13:22:07,62.67,0.0,19,116065,卖盘
13:22:10,62.68,0.01,9,56406,买盘
13:22:12,62.67,-0.01,69,432454,卖盘
13:22:16,62.67,0.0,46,288309,卖盘
13:22:18,62.67,0.0,132,827273,卖盘
13:22:22,62.67,0.0,3,18802,卖盘
13:22:25,62.67,0.0,115,720709,卖盘
13:22:28,62.68,0.01,27,169220,买盘
13:22:30,62.68,0.0,81,507686,买盘
13:22:34,62.68,0.0,248,1554414,买盘
13:22:36,62.68,0.0,10,65877,卖盘
13:22:40,62.67,-0.01,65,407410,卖盘
13:22:42,62.68,0.01,40,250725,卖盘
13:22:45,62.69,0.01,126,789792,买盘
13:22:49,62.68,-0.01,38,238194,买盘
13:22:51,62.68,0.0,4,25075,卖盘
13:22:55,62.69,0.01,25,156704,买盘
13:22:58,62.68,-0.01,54,338514,卖盘
13:23:00,62.68,0.0,161,1008946,卖盘
13:23:04,62.68,0.0,44,275785,买盘
13:23:07,62.67,-0.01,12,75205,中性盘
13:23:10,62.66,-0.01,74,463739,卖盘
13:23:13,62.66,0.0,59,369677,买盘
13:23:15,62.66,0.0,62,388487,买盘
13:23:18,62.66,0.0,7,43860,买盘
13:23:21,62.66,0.0,65,407290,买盘
13:23:24,62.66,0.0,191,1196672,买盘
13:23:28,62.66,0.0,92,576444,买盘
13:23:30,62.66,0.0,57,357123,买盘
13:23:34,62.66,0.0,67,419799,买盘
13:23:36,62.65,-0.01,294,1839181,卖盘
13:23:40,62.66,0.01,12,75192,买盘
13:23:43,62.65,-0.01,129,808190,卖盘
13:23:46,62.65,0.0,176,1102664,卖盘
13:23:48,62.65,0.0,12,75187,卖盘
13:23:51,62.66,0.01,122,764449,买盘
13:23:54,62.66,0.0,62,388497,卖盘
13:23:57,62.66,0.0,32,200512,卖盘
13:24:00,62.66,0.0,27,169182,卖盘
13:24:04,62.66,0.0,321,2011387,卖盘
13:24:07,62.66,0.0,44,278950,买盘
13:24:10,62.65,-0.01,139,870947,卖盘
13:24:13,62.66,0.01,127,795695,买盘
13:24:15,62.65,-0.01,50,313256,卖盘
13:24:19,62.65,0.0,142,889713,卖盘
13:24:21,62.66,0.01,55,344625,买盘
13:24:25,62.66,0.0,528,3308429,买盘
13:24:27,62.65,-0.01,35,219304,卖盘
13:24:31,62.66,0.01,85,532650,卖盘
13:24:34,62.66,0.0,28,175450,卖盘
13:24:37,62.66,0.0,264,1655690,卖盘
13:24:39,62.66,0.0,52,325826,买盘
13:24:42,62.66,0.0,28,175426,买盘
13:24:46,62.65,-0.01,36,225554,卖盘
13:24:49,62.66,0.01,110,689242,买盘
13:24:52,62.66,0.0,59,369684,买盘
13:24:55,62.65,-0.01,121,758120,卖盘
13:24:57,62.66,0.01,61,382222,买盘
13:25:00,62.66,0.0,136,852064,买盘
13:25:04,62.66,0.0,81,507514,买盘
13:25:06,62.65,-0.01,32,197478,卖盘
13:25:10,62.65,0.0,41,256903,卖盘
13:25:13,62.66,0.01,376,2355994,买盘
13:25:15,62.65,-0.01,21,131569,卖盘
13:25:18,62.66,0.01,54,338362,买盘
13:25:22,62.65,-0.01,82,513926,卖盘
13:25:24,62.66,0.01,42,263148,买盘
13:25:27,62.65,-0.01,25,156629,卖盘
13:25:31,62.66,0.01,51,319531,买盘
13:25:33,62.65,-0.01,86,538800,卖盘
13:25:37,62.66,0.01,310,1942648,买盘
13:25:39,62.66,0.0,34,213044,卖盘
13:25:43,62.66,0.0,51,319574,卖盘
13:25:45,62.66,0.0,20,125332,卖盘
13:25:49,62.66,0.0,60,375980,卖盘
13:25:52,62.66,0.0,55,344637,卖盘
13:25:55,62.67,0.01,62,388516,买盘
13:25:57,62.66,-0.01,9,56395,卖盘
13:26:00,62.66,0.0,56,350905,卖盘
13:26:04,62.66,0.0,55,344644,卖盘
13:26:07,62.67,0.01,44,278964,买盘
13:26:10,62.66,-0.01,16,100266,卖盘
13:26:13,62.66,0.0,121,758204,卖盘
13:26:15,62.66,0.0,23,144136,卖盘
13:26:18,62.66,0.0,17,106527,卖盘
13:26:22,62.66,0.0,42,263201,卖盘
13:26:25,62.67,0.01,161,1008964,买盘
13:26:27,62.67,0.0,5,31335,卖盘
13:26:30,62.67,0.0,18,112822,卖盘
13:26:34,62.67,0.0,32,200545,卖盘
13:26:37,62.67,0.0,52,322847,卖盘
13:26:39,62.68,0.01,33,206814,买盘
13:26:43,62.67,-0.01,121,758378,卖盘
13:26:45,62.67,0.0,21,131623,卖盘
13:26:49,62.67,0.0,27,169226,卖盘
13:26:52,62.68,0.01,95,595368,买盘
13:26:55,62.68,0.0,97,607942,买盘
13:26:58,62.67,-0.01,23,144150,卖盘
13:27:01,62.67,0.0,66,413677,卖盘
13:27:04,62.67,0.0,98,614179,卖盘
13:27:07,62.68,0.01,44,272746,买盘
13:27:09,62.68,0.0,31,194301,买盘
13:27:12,62.67,-0.01,35,219356,卖盘
13:27:15,62.67,0.0,79,495105,卖盘
13:27:18,62.68,0.01,26,162961,买盘
13:27:21,62.68,0.0,39,244449,买盘
13:27:25,62.68,0.0,162,1015306,买盘
13:27:28,62.67,-0.01,46,288317,卖盘
13:27:30,62.68,0.01,16,100288,买盘
13:27:34,62.68,0.0,25,156679,买盘
13:27:37,62.67,-0.01,36,228890,卖盘
13:27:40,62.68,0.01,110,689468,买盘
13:27:42,62.67,-0.01,35,219355,卖盘
13:27:45,62.67,0.0,11,68946,卖盘
13:27:49,62.67,0.0,54,338431,卖盘
13:27:52,62.68,0.01,46,288298,买盘
13:27:55,62.67,-0.01,66,413633,卖盘
13:27:58,62.68,0.01,54,338468,买盘
13:28:01,62.69,0.01,19,119098,买盘
13:28:04,62.68,-0.01,26,162971,卖盘
13:28:07,62.68,0.0,20,122351,卖盘
13:28:10,62.68,0.0,82,514056,卖盘
13:28:13,62.68,0.0,64,401153,卖盘
13:28:15,62.68,0.0,18,112826,卖盘
13:28:19,62.69,0.01,75,470137,买盘
13:28:22,62.69,0.0,41,257027,买盘
13:28:25,62.69,0.0,98,614336,买盘
13:28:27,62.69,0.0,11,68959,卖盘
13:28:31,62.69,0.0,9,56422,卖盘
13:28:34,62.7,0.01,30,188074,买盘
13:28:36,62.68,-0.02,102,642659,卖盘
13:28:39,62.7,0.02,12,75237,买盘
13:28:42,62.7,0.0,59,369899,买盘
13:28:46,62.69,-0.01,34,213174,卖盘
13:28:48,62.7,0.01,129,808830,买盘
13:28:51,62.7,0.0,44,275859,买盘
13:28:54,62.7,0.0,54,338553,买盘
13:28:58,62.7,0.0,19,119126,买盘
13:29:01,62.7,0.0,77,482758,买盘
13:29:04,62.7,0.0,143,896577,买盘
13:29:06,62.7,0.0,59,366911,买盘
13:29:09,62.7,0.0,22,137940,卖盘
13:29:12,62.71,0.01,45,282151,买盘
13:29:15,62.7,-0.01,2,12540,卖盘
13:29:18,62.71,0.01,22,137947,买盘
13:29:22,62.71,0.0,48,301002,买盘
13:29:24,62.71,0.0,84,526739,买盘
13:29:28,62.71,0.0,70,438952,买盘
13:29:31,62.7,-0.01,23,144217,卖盘
13:29:34,62.7,0.0,55,344883,卖盘
13:29:36,62.71,0.01,58,363694,买盘
13:29:39,62.7,-0.01,12,75249,卖盘
13:29:42,62.7,0.0,28,175564,卖盘
13:29:46,62.7,0.0,69,432645,卖盘
13:29:49,62.72,0.02,113,708619,买盘
13:29:52,62.71,-0.01,80,501594,中性盘
13:29:54,62.72,0.01,42,263345,买盘
13:29:58,62.71,-0.01,53,332412,卖盘
13:30:01,62.72,0.01,84,526818,买盘
13:30:04,62.72,0.0,63,395102,买盘
13:30:07,62.71,-0.01,28,175608,卖盘
13:30:10,62.72,0.01,38,238328,买盘
13:30:12,62.71,-0.01,50,313570,卖盘
13:30:15,62.72,0.01,20,125426,买盘
13:30:19,62.72,0.0,20,125426,买盘
13:30:21,62.7,-0.02,31,194400,卖盘
13:30:24,62.72,0.02,59,370259,买盘
13:30:28,62.7,-0.02,78,489136,卖盘
13:30:31,62.72,0.02,14,87808,中性盘
13:30:34,62.72,0.0,30,188138,买盘
13:30:36,62.72,0.0,51,323082,买盘
13:30:40,62.73,0.01,20,125455,买盘
13:30:42,62.72,-0.01,63,395136,卖盘
13:30:45,62.7,-0.02,83,522625,买盘
13:30:49,62.73,0.03,109,683733,买盘
13:30:51,62.74,0.01,33,207001,买盘
13:30:54,62.73,-0.01,2,12546,中性盘
13:30:58,62.74,0.01,107,671139,买盘
13:31:01,62.75,0.01,21,131756,买盘
13:31:04,62.75,0.0,43,269803,买盘
13:31:06,62.74,-0.01,21,128747,卖盘
13:31:09,62.72,-0.02,129,812380,卖盘
13:31:13,62.71,-0.01,57,357488,卖盘
13:31:15,62.7,-0.01,27,169325,卖盘
13:31:18,62.72,0.02,84,526828,买盘
13:31:21,62.72,0.0,14,87796,买盘
13:31:24,62.7,-0.02,48,300999,卖盘
13:31:27,62.72,0.02,163,1022334,买盘
13:31:31,62.72,0.0,65,407676,买盘
13:31:34,62.72,0.0,32,200683,买盘
13:31:37,62.72,0.0,47,291743,买盘
13:31:39,62.72,0.0,99,620920,买盘
