time,price,change,volume,amount,type
09:25:04,62.12,-0.52,5711,35481826,卖盘
09:30:00,62.12,0.0,960,5965091,卖盘
09:30:04,62.12,0.0,3423,21259757,买盘
09:30:07,62.12,0.0,1810,11237197,买盘
09:30:10,62.13,0.01,590,3665965,买盘
09:30:12,62.13,0.0,673,4184300,卖盘
09:30:16,62.12,-0.01,269,1671445,卖盘
09:30:19,62.12,0.0,351,2180558,卖盘
09:30:22,62.13,0.01,258,1603118,卖盘
09:30:24,62.21,0.08,229,1419920,买盘
09:30:27,62.12,-0.09,401,2491801,卖盘
09:30:31,62.21,0.09,679,4217407,买盘
09:30:33,62.11,-0.1,244,1515044,卖盘
09:30:36,62.01,-0.1,548,3401980,卖盘
09:30:40,62.16,0.15,141,876282,卖盘
09:30:43,62.16,0.0,69,428792,买盘
09:30:45,62.1,-0.06,191,1186305,卖盘
09:30:49,62.1,0.0,111,689199,买盘
09:30:52,62.08,-0.02,128,794742,中性盘
09:30:55,62.1,0.02,175,1085889,买盘
09:30:58,62.05,-0.05,59,367266,买盘
09:31:01,62.0,-0.05,799,4953603,卖盘
09:31:04,62.01,0.01,337,2089647,中性盘
09:31:07,62.02,0.01,392,2432029,买盘
09:31:10,61.99,-0.03,1062,6585010,卖盘
09:31:13,62.0,0.01,212,1314203,买盘
09:31:15,61.96,-0.04,268,1660871,卖盘
09:31:18,61.98,0.02,158,976912,买盘
09:31:22,61.94,-0.04,267,1653562,中性盘
09:31:25,61.93,-0.01,126,780398,中性盘
09:31:27,61.91,-0.02,295,1826383,卖盘
09:31:31,61.93,0.02,207,1281484,买盘
09:31:33,61.91,-0.02,417,2583011,中性盘
09:31:36,61.9,-0.01,499,3088694,中性盘
09:31:39,61.89,-0.01,305,1887440,卖盘
09:31:43,61.89,0.0,347,2147072,买盘
09:31:45,61.87,-0.02,179,1107413,卖盘
09:31:49,61.85,-0.02,959,5933540,卖盘
09:31:51,61.89,0.04,222,1374300,买盘
09:31:54,61.87,-0.02,205,1268522,卖盘
09:31:57,61.9,0.03,563,3484403,买盘
09:32:01,61.9,0.0,325,2011878,卖盘
09:32:04,61.94,0.04,224,1387454,买盘
09:32:07,61.9,-0.04,342,2117312,卖盘
09:32:09,61.88,-0.02,233,1442567,卖盘
09:32:12,61.9,0.02,476,2946687,买盘
09:32:16,61.9,0.0,350,2166056,买盘
09:32:19,61.89,-0.01,273,1689326,卖盘
09:32:22,61.9,0.01,450,2785211,买盘
09:32:24,61.9,0.0,369,2284117,卖盘
09:32:27,61.9,0.0,386,2388934,卖盘
09:32:31,61.9,0.0,409,2531246,买盘
09:32:33,61.94,0.04,391,2417744,买盘
09:32:36,61.9,-0.04,367,2272598,卖盘
09:32:39,61.9,0.0,163,1009188,卖盘
09:32:42,61.9,0.0,296,1833682,卖盘
09:32:45,61.92,0.02,95,589430,卖盘
09:32:48,61.9,-0.02,598,3703594,卖盘
09:32:52,62.0,0.1,77,477192,买盘
09:32:54,62.02,0.02,392,2431929,买盘
09:32:58,61.98,-0.04,306,1897246,卖盘
09:33:00,62.0,0.02,562,3480472,买盘
09:33:04,62.01,0.01,274,1694872,买盘
09:33:07,62.0,-0.01,214,1330995,卖盘
09:33:10,61.98,-0.02,235,1456303,卖盘
09:33:12,61.94,-0.04,242,1499171,卖盘
09:33:16,61.99,0.05,199,1232971,买盘
09:33:18,62.0,0.01,244,1511781,买盘
09:33:22,61.98,-0.02,55,340888,卖盘
09:33:24,62.0,0.02,342,2119199,买盘
09:33:28,61.98,-0.02,326,2019784,买盘
09:33:30,61.95,-0.03,236,1461657,卖盘
09:33:34,61.98,0.03,107,663220,卖盘
09:33:37,61.97,-0.01,204,1263183,卖盘
09:33:40,62.0,0.03,287,1779222,中性盘
09:33:42,62.0,0.0,168,1041694,卖盘
09:33:46,62.0,0.0,78,483586,买盘
09:33:48,61.98,-0.02,207,1283002,卖盘
09:33:52,62.0,0.02,276,1711093,买盘
09:33:54,62.0,0.0,339,2101729,买盘
09:33:57,62.01,0.01,119,734820,中性盘
09:34:01,62.02,0.01,491,3044573,买盘
09:34:04,62.02,0.0,111,688318,买盘
09:34:07,62.02,0.0,114,710491,卖盘
09:34:09,62.06,0.04,69,427996,买盘
09:34:13,62.06,0.0,24,148921,买盘
09:34:16,62.06,0.0,95,587172,买盘
09:34:18,62.07,0.01,86,533757,买盘
09:34:22,62.09,0.02,40,248302,买盘
09:34:25,62.09,0.0,71,445035,卖盘
09:34:28,62.1,0.01,158,981158,买盘
09:34:30,62.1,0.0,22,136666,中性盘
09:34:34,62.15,0.05,66,405253,买盘
09:34:37,62.16,0.01,25,155394,买盘
09:34:39,62.2,0.04,60,373426,买盘
09:34:43,62.18,-0.02,32,200597,中性盘
09:34:45,62.2,0.02,39,242538,买盘
09:34:49,62.2,0.0,162,1007374,买盘
09:34:52,62.2,0.0,160,996465,卖盘
09:34:55,62.25,0.05,173,1072966,中性盘
09:34:58,62.25,0.0,173,1077468,买盘
09:35:01,62.3,0.05,222,1381276,买盘
09:35:04,62.25,-0.05,120,746864,买盘
09:35:07,62.25,0.0,706,4392113,买盘
09:35:10,62.18,-0.07,534,3321139,卖盘
09:35:12,62.2,0.02,395,2455360,买盘
09:35:15,62.14,-0.06,133,827013,中性盘
09:35:19,62.14,0.0,106,661038,卖盘
09:35:22,62.19,0.05,125,774625,买盘
09:35:25,62.2,0.01,83,516072,买盘
09:35:28,62.15,-0.05,145,901287,卖盘
09:35:31,62.14,-0.01,89,553031,卖盘
09:35:34,62.12,-0.02,423,2627564,卖盘
09:35:37,62.12,0.0,680,4225780,买盘
09:35:39,62.18,0.06,77,478264,买盘
09:35:43,62.12,-0.06,227,1410694,卖盘
09:35:45,62.13,0.01,292,1814034,卖盘
09:35:48,62.12,-0.01,118,732926,卖盘
09:35:52,62.1,-0.02,210,1304167,卖盘
09:35:55,62.09,-0.01,177,1098611,卖盘
09:35:58,62.06,-0.03,644,3997045,卖盘
09:36:00,62.07,0.01,422,2620938,中性盘
09:36:04,62.03,-0.04,53,328894,卖盘
09:36:07,62.04,0.01,51,316447,买盘
09:36:10,62.02,-0.02,79,490034,卖盘
09:36:13,62.02,0.0,91,564603,卖盘
09:36:16,62.02,0.0,90,558246,卖盘
09:36:18,62.02,0.0,193,1197058,卖盘
09:36:21,62.1,0.08,202,1253769,买盘
09:36:24,62.03,-0.07,662,4107322,卖盘
09:36:28,62.03,0.0,420,2604428,卖盘
09:36:31,62.02,-0.01,277,1718117,卖盘
09:36:33,62.03,0.01,129,800150,买盘
09:36:37,62.03,0.0,91,564517,卖盘
09:36:40,62.03,0.0,64,397002,卖盘
09:36:43,62.03,0.0,101,626500,卖盘
09:36:46,62.03,0.0,259,1606270,买盘
09:36:49,62.02,-0.01,56,347329,卖盘
09:36:51,62.02,0.0,141,874428,买盘
09:36:55,62.01,-0.01,234,1450871,卖盘
09:36:58,62.0,-0.01,78,483682,卖盘
09:37:00,62.01,0.01,140,868088,买盘
09:37:04,62.0,-0.01,261,1618332,卖盘
09:37:07,62.0,0.0,102,632488,卖盘
09:37:10,62.0,0.0,718,4451621,卖盘
09:37:12,62.0,0.0,112,694360,买盘
09:37:15,62.0,0.0,238,1475591,买盘
09:37:19,61.98,-0.02,74,458741,卖盘
09:37:22,61.99,0.01,159,985765,买盘
09:37:24,61.98,-0.01,111,687987,卖盘
09:37:28,61.97,-0.01,217,1344851,卖盘
09:37:31,61.97,0.0,180,1115700,买盘
09:37:34,61.97,0.0,65,402778,买盘
09:37:36,61.98,0.01,71,439970,买盘
09:37:40,61.97,-0.01,410,2540669,卖盘
09:37:42,61.97,0.0,84,520562,中性盘
09:37:46,61.96,-0.01,138,855177,中性盘
09:37:48,61.96,0.0,202,1251734,卖盘
09:37:52,61.95,-0.01,551,3413617,卖盘
09:37:54,61.96,0.01,93,576209,买盘
09:37:58,61.94,-0.02,143,885861,卖盘
09:38:00,61.95,0.01,140,867165,买盘
09:38:04,61.94,-0.01,205,1269493,卖盘
09:38:07,61.93,-0.01,202,1251197,卖盘
09:38:10,61.93,0.0,58,359190,卖盘
09:38:13,61.93,0.0,319,1975939,买盘
09:38:16,61.92,-0.01,125,774010,卖盘
09:38:19,61.92,0.0,63,390122,卖盘
09:38:22,61.93,0.01,396,2452187,买盘
09:38:24,61.9,-0.03,778,4816576,卖盘
09:38:28,61.92,0.02,268,1659058,买盘
09:38:30,61.92,0.0,100,619061,买盘
09:38:34,61.91,-0.01,179,1108058,中性盘
09:38:36,61.9,-0.01,1440,8913649,卖盘
09:38:39,61.89,-0.01,354,2190856,卖盘
09:38:43,61.9,0.01,101,625044,买盘
09:38:45,61.89,-0.01,164,1015059,买盘
09:38:49,61.89,0.0,87,538412,买盘
09:38:52,61.9,0.01,46,284696,买盘
09:38:55,61.89,-0.01,1073,6640135,卖盘
09:38:58,61.88,-0.01,362,2239997,中性盘
09:39:01,61.89,0.01,224,1386206,买盘
09:39:04,61.88,-0.01,266,1646321,中性盘
09:39:07,61.87,-0.01,252,1559338,中性盘
09:39:09,61.87,0.0,882,5459310,卖盘
09:39:13,61.87,0.0,327,2024588,卖盘
09:39:16,61.88,0.01,529,3272725,卖盘
09:39:19,61.88,0.0,99,612690,卖盘
09:39:22,61.89,0.01,47,290968,卖盘
09:39:25,61.88,-0.01,146,903452,卖盘
09:39:28,61.9,0.02,181,1119897,买盘
09:39:31,61.88,-0.02,147,909730,卖盘
09:39:33,61.9,0.02,232,1435759,买盘
09:39:37,61.9,0.0,128,792330,买盘
09:39:39,61.9,0.0,16,99039,卖盘
09:39:42,61.9,0.0,132,817089,卖盘
09:39:45,61.92,0.02,89,550931,中性盘
09:39:49,61.9,-0.02,100,619152,卖盘
09:39:52,61.9,0.0,255,1578482,卖盘
09:39:54,61.9,0.0,206,1275082,买盘
09:39:58,61.9,0.0,251,1553637,买盘
09:40:01,61.89,-0.01,184,1139002,卖盘
09:40:04,61.93,0.04,74,458274,卖盘
09:40:07,61.93,0.0,42,260087,卖盘
09:40:09,61.93,0.0,37,229112,买盘
09:40:13,61.92,-0.01,250,1547755,中性盘
09:40:15,61.93,0.01,211,1306534,买盘
09:40:19,61.9,-0.03,193,1194897,卖盘
09:40:21,61.93,0.03,563,3486193,买盘
09:40:25,61.93,0.0,175,1083596,买盘
09:40:27,61.92,-0.01,50,309603,卖盘
09:40:31,61.92,0.0,58,359135,买盘
09:40:33,61.92,0.0,167,1034008,买盘
09:40:37,61.92,0.0,185,1145493,买盘
09:40:41,61.92,0.0,247,1529266,买盘
09:40:43,61.92,0.0,151,934927,卖盘
09:40:45,61.92,0.0,111,687343,卖盘
09:40:49,61.92,0.0,129,798732,买盘
09:40:51,61.93,0.01,877,5429215,买盘
09:40:55,61.91,-0.02,211,1306534,卖盘
09:40:57,61.9,-0.01,666,4123211,卖盘
09:41:00,61.9,0.0,275,1702477,卖盘
09:41:04,61.9,0.0,422,2611875,买盘
09:41:07,61.9,0.0,453,2803293,买盘
09:41:10,61.9,0.0,218,1349351,买盘
09:41:13,61.91,0.01,69,427110,买盘
09:41:16,61.92,0.01,59,365264,买盘
09:41:19,61.91,-0.01,37,229055,买盘
09:41:22,61.91,0.0,131,811032,买盘
09:41:25,61.91,0.0,131,811005,卖盘
09:41:27,61.91,0.0,131,810980,卖盘
09:41:31,61.92,0.01,81,501517,买盘
09:41:34,61.92,0.0,99,612926,买盘
09:41:37,61.91,-0.01,150,928718,卖盘
09:41:39,61.92,0.01,227,1405501,买盘
09:41:43,61.92,0.0,129,798715,买盘
09:41:46,61.92,0.0,435,2693846,卖盘
09:41:48,61.92,0.0,256,1585343,卖盘
09:41:52,61.92,0.0,128,792553,卖盘
09:41:54,61.94,0.02,189,1170514,买盘
09:41:57,61.94,0.0,116,719572,卖盘
09:42:00,61.94,0.0,20,123879,中性盘
09:42:04,61.94,0.0,136,842435,卖盘
09:42:07,61.95,0.01,354,2192981,买盘
09:42:10,61.95,0.0,91,563717,卖盘
09:42:12,61.96,0.01,124,768118,买盘
09:42:16,61.96,0.0,73,452260,买盘
09:42:18,61.96,0.0,168,1040864,买盘
09:42:22,61.96,0.0,466,2886928,卖盘
09:42:24,61.96,0.0,152,941798,卖盘
09:42:28,61.98,0.02,186,1152485,买盘
09:42:30,61.96,-0.02,209,1295047,卖盘
09:42:34,61.96,0.0,186,1152342,买盘
09:42:36,61.96,0.0,67,415115,买盘
09:42:40,61.96,0.0,159,985163,买盘
09:42:42,61.96,0.0,133,824124,买盘
09:42:46,61.98,0.02,55,340781,买盘
09:42:48,61.99,0.01,126,780805,买盘
09:42:51,61.96,-0.03,140,867495,卖盘
09:42:54,61.99,0.03,72,446216,买盘
09:42:58,61.97,-0.02,288,1784587,卖盘
09:43:00,61.96,-0.01,86,532883,卖盘
09:43:04,61.96,0.0,53,328414,卖盘
09:43:07,61.97,0.01,193,1195909,买盘
09:43:10,61.97,0.0,359,2224397,买盘
09:43:12,61.97,0.0,76,470943,买盘
09:43:16,61.97,0.0,48,297460,卖盘
09:43:18,61.97,0.0,145,898612,卖盘
09:43:22,61.97,0.0,154,954413,卖盘
09:43:25,61.96,-0.01,115,712627,卖盘
09:43:27,61.96,0.0,409,2534252,卖盘
09:43:31,61.97,0.01,194,1202127,买盘
09:43:33,61.96,-0.01,59,365571,中性盘
09:43:37,61.95,-0.01,1479,9160041,卖盘
09:43:39,61.93,-0.02,176,1090365,卖盘
09:43:43,61.95,0.02,50,309695,买盘
09:43:45,61.91,-0.04,38,235303,卖盘
09:43:49,61.91,0.0,329,2037215,卖盘
09:43:52,61.91,0.0,1199,7421889,买盘
09:43:55,61.91,0.0,102,631438,卖盘
09:43:58,61.91,0.0,81,501469,买盘
09:44:01,61.91,0.0,151,934958,卖盘
09:44:04,61.91,0.0,96,594371,卖盘
09:44:07,61.92,0.01,194,1201079,中性盘
09:44:10,61.93,0.01,162,1001702,买盘
09:44:13,61.93,0.0,31,191944,买盘
09:44:16,61.93,0.0,22,136219,买盘
09:44:18,61.93,0.0,92,569699,买盘
09:44:21,61.93,0.0,64,396314,买盘
09:44:25,61.93,0.0,67,414895,买盘
09:44:27,61.93,0.0,315,1950370,买盘
09:44:31,61.93,0.0,103,637873,中性盘
09:44:33,61.93,0.0,190,1176615,卖盘
09:44:37,61.93,0.0,117,724716,买盘
09:44:39,61.93,0.0,113,699733,买盘
09:44:42,61.93,0.0,252,1560624,买盘
09:44:45,61.93,0.0,208,1287719,买盘
09:44:49,61.92,-0.01,358,2216640,中性盘
09:44:52,61.91,-0.01,285,1764312,卖盘
09:44:54,61.91,0.0,137,848158,买盘
09:44:58,61.91,0.0,254,1572417,买盘
09:45:01,61.92,0.01,410,2538358,买盘
09:45:05,61.9,-0.02,103,637653,卖盘
09:45:07,61.91,0.01,334,2067601,买盘
09:45:10,61.89,-0.02,184,1140189,卖盘
09:45:13,61.91,0.02,583,3607134,买盘
09:45:15,61.9,-0.01,104,645016,卖盘
09:45:19,61.91,0.01,124,767604,买盘
09:45:21,61.9,-0.01,112,693174,卖盘
09:45:25,61.9,0.0,26,160934,买盘
09:45:28,61.89,-0.01,82,507580,卖盘
09:45:31,61.89,0.0,144,891210,卖盘
09:45:33,61.89,0.0,212,1312004,买盘
09:45:37,61.9,0.01,105,649898,买盘
09:45:40,61.9,0.0,107,662248,买盘
09:45:42,61.89,-0.01,55,340404,卖盘
09:45:46,61.9,0.01,111,687031,买盘
09:45:49,61.89,-0.01,181,1120314,卖盘
09:45:52,61.89,0.0,61,377520,买盘
09:45:55,61.89,0.0,126,779759,卖盘
09:45:57,61.89,0.0,122,755073,买盘
09:46:01,61.88,-0.01,192,1188210,卖盘
09:46:05,61.88,0.0,186,1150993,卖盘
09:46:07,61.89,0.01,410,2537100,买盘
09:46:10,61.88,-0.01,233,1441939,卖盘
09:46:13,61.9,0.02,311,1924697,买盘
09:46:16,61.88,-0.02,400,2475265,卖盘
09:46:19,61.88,0.0,403,2493472,买盘
09:46:22,61.88,0.0,191,1181886,买盘
09:46:25,61.87,-0.01,66,408391,卖盘
09:46:28,61.88,0.01,467,2889267,买盘
09:46:31,61.88,0.0,132,816665,买盘
09:46:34,61.88,0.0,326,2016916,买盘
09:46:37,61.88,0.0,149,921954,买盘
09:46:40,61.88,0.0,34,210396,卖盘
09:46:43,61.87,-0.01,168,1039538,卖盘
09:46:46,61.88,0.01,95,587816,买盘
09:46:49,61.87,-0.01,138,853802,卖盘
09:46:52,61.88,0.01,249,1540636,买盘
09:46:55,61.88,0.0,99,612586,买盘
09:46:57,61.88,0.0,80,495043,卖盘
09:47:01,61.88,0.0,32,198017,卖盘
09:47:05,61.87,-0.01,623,3854231,卖盘
09:47:07,61.88,0.01,83,513604,买盘
09:47:09,61.87,-0.01,117,724020,卖盘
09:47:13,61.88,0.01,80,495035,买盘
09:47:16,61.88,0.0,72,445516,买盘
09:47:19,61.87,-0.01,207,1280659,卖盘
09:47:22,61.87,0.0,343,2121870,买盘
09:47:24,61.87,0.0,115,711487,买盘
09:47:28,61.87,0.0,88,544408,买盘
09:47:31,61.88,0.01,125,773388,买盘
09:47:33,61.87,-0.01,81,501198,卖盘
09:47:37,61.87,0.0,123,761006,卖盘
09:47:40,61.87,0.0,96,593935,卖盘
09:47:43,61.87,0.0,184,1138272,买盘
09:47:46,61.86,-0.01,159,983688,卖盘
09:47:48,61.87,0.01,269,1664307,买盘
09:47:51,61.87,0.0,221,1367361,卖盘
09:47:55,61.87,0.0,221,1367391,卖盘
09:47:57,61.87,0.0,109,674396,卖盘
09:48:01,61.88,0.01,157,971376,买盘
09:48:04,61.87,-0.01,138,853823,卖盘
09:48:07,61.87,0.0,343,2121878,买盘
09:48:10,61.87,0.0,110,680509,买盘
09:48:13,61.86,-0.01,163,1008387,卖盘
09:48:16,61.87,0.01,245,1515878,买盘
09:48:18,61.87,0.0,58,358842,中性盘
09:48:22,61.87,0.0,429,2653588,卖盘
09:48:24,61.86,-0.01,231,1429215,卖盘
09:48:28,61.88,0.02,106,655819,买盘
09:48:31,61.87,-0.01,105,649659,卖盘
09:48:33,61.87,0.0,84,519658,买盘
09:48:37,61.87,0.0,368,2276574,买盘
09:48:40,61.88,0.01,197,1218839,买盘
09:48:43,61.88,0.0,439,2716463,买盘
09:48:46,61.88,0.0,205,1268340,买盘
09:48:48,61.87,-0.01,176,1088998,卖盘
09:48:52,61.88,0.01,150,928081,买盘
09:48:55,61.88,0.0,107,662064,买盘
09:48:57,61.88,0.0,174,1076644,买盘
09:49:01,61.88,0.0,485,3000615,买盘
09:49:04,61.88,0.0,834,5159335,买盘
09:49:07,61.87,-0.01,317,1961366,卖盘
09:49:09,61.88,0.01,347,2146853,买盘
09:49:13,61.88,0.0,246,1522114,买盘
09:49:15,61.86,-0.02,145,897125,卖盘
09:49:19,61.88,0.02,146,903298,卖盘
09:49:21,61.87,-0.01,92,569240,中性盘
09:49:25,61.87,0.0,195,1206346,买盘
09:49:28,61.88,0.01,285,1763261,买盘
09:49:31,61.86,-0.02,295,1824916,卖盘
09:49:34,61.87,0.01,207,1280652,买盘
09:49:36,61.88,0.01,125,773425,买盘
09:49:40,61.88,0.0,33,204193,买盘
09:49:42,61.87,-0.01,97,600156,卖盘
09:49:46,61.87,0.0,116,717680,买盘
09:49:49,61.86,-0.01,1042,6445585,卖盘
09:49:51,61.87,0.01,254,1571250,买盘
09:49:54,61.88,0.01,625,3867110,买盘
09:49:58,61.87,-0.01,108,668184,卖盘
09:50:01,61.86,-0.01,217,1342411,卖盘
09:50:05,61.86,0.0,85,525800,买盘
09:50:07,61.87,0.01,85,525866,买盘
09:50:10,61.88,0.01,180,1113754,买盘
09:50:13,61.88,0.0,21,129945,卖盘
09:50:16,61.88,0.0,50,309402,卖盘
09:50:18,61.87,-0.01,182,1126179,卖盘
09:50:22,61.88,0.01,109,674376,买盘
09:50:24,61.87,-0.01,135,835238,中性盘
09:50:28,61.86,-0.01,96,593915,卖盘
09:50:30,61.88,0.02,60,371235,买盘
09:50:34,61.88,0.0,272,1683112,买盘
09:50:36,61.88,0.0,205,1266890,买盘
09:50:40,61.88,0.0,143,884842,买盘
09:50:43,61.88,0.0,110,680631,买盘
09:50:45,61.88,0.0,132,816884,买盘
09:50:49,61.88,0.0,66,408409,卖盘
09:50:52,61.88,0.0,222,1370813,卖盘
09:50:55,61.89,0.01,454,2810236,买盘
09:50:57,61.88,-0.01,353,2184549,卖盘
09:51:00,61.89,0.01,61,377616,中性盘
09:51:04,61.89,0.0,87,538431,卖盘
09:51:07,61.89,0.0,186,1151030,买盘
09:51:10,61.9,0.01,174,1077293,买盘
09:51:12,61.91,0.01,236,1460703,买盘
09:51:15,61.91,0.0,30,185692,买盘
09:51:19,61.94,0.03,86,532483,买盘
09:51:21,61.9,-0.04,92,569543,卖盘
09:51:24,61.91,0.01,71,439576,中性盘
09:51:28,61.9,-0.01,544,3367273,卖盘
09:51:30,61.9,0.0,109,674724,买盘
09:51:33,61.91,0.01,31,191933,买盘
09:51:37,61.94,0.03,99,612928,买盘
09:51:40,61.94,0.0,64,396214,买盘
09:51:42,61.94,0.0,152,941181,买盘
09:51:46,61.9,-0.04,48,297247,卖盘
09:51:49,61.9,0.0,107,662594,卖盘
09:51:52,61.91,0.01,156,965739,中性盘
09:51:55,61.91,0.0,91,563582,卖盘
09:51:57,61.94,0.03,319,1975074,中性盘
09:52:01,61.91,-0.03,65,402443,卖盘
09:52:05,61.95,0.04,85,526509,买盘
09:52:07,61.93,-0.02,20,123874,卖盘
09:52:10,61.95,0.02,45,278764,买盘
09:52:13,61.94,-0.01,111,687559,卖盘
09:52:16,61.94,0.0,32,198209,买盘
09:52:18,61.94,0.0,44,272531,买盘
09:52:21,61.94,0.0,103,637880,买盘
09:52:25,61.92,-0.02,312,1932182,卖盘
09:52:28,61.95,0.03,37,229169,买盘
09:52:31,61.95,0.0,211,1307073,买盘
09:52:33,61.95,0.0,207,1282367,卖盘
09:52:37,61.96,0.01,211,1307128,买盘
09:52:40,61.96,0.0,48,297376,买盘
09:52:43,61.96,0.0,49,303579,买盘
09:52:46,61.96,0.0,94,582331,买盘
09:52:49,61.96,0.0,171,1059392,卖盘
09:52:52,61.95,-0.01,129,799239,卖盘
09:52:54,61.95,0.0,237,1467699,买盘
09:52:58,61.96,0.01,34,210611,买盘
09:53:00,61.96,0.0,15,92933,买盘
09:53:05,61.93,-0.03,199,1232660,卖盘
09:53:07,61.95,0.02,268,1660408,卖盘
09:53:10,61.96,0.01,96,594757,买盘
09:53:13,61.95,-0.01,35,216840,卖盘
09:53:16,61.96,0.01,141,873486,买盘
09:53:19,61.95,-0.01,82,507882,中性盘
09:53:21,61.95,0.0,28,173432,买盘
09:53:24,61.93,-0.02,135,836089,卖盘
09:53:27,61.93,0.0,264,1634752,买盘
09:53:31,61.93,0.0,579,3586727,买盘
09:53:33,61.94,0.01,80,495389,买盘
09:53:37,61.93,-0.01,204,1263621,中性盘
09:53:40,61.94,0.01,142,879344,买盘
09:53:43,61.93,-0.01,173,1071358,卖盘
09:53:46,61.93,0.0,39,241522,买盘
09:53:49,61.92,-0.01,113,699757,卖盘
09:53:51,61.92,0.0,65,402448,买盘
09:53:55,61.92,0.0,67,414854,买盘
09:53:57,61.92,0.0,102,631506,买盘
09:54:01,61.92,0.0,212,1312690,买盘
09:54:04,61.93,0.01,100,619244,买盘
09:54:07,61.93,0.0,61,377745,买盘
09:54:10,61.93,0.0,28,173378,买盘
09:54:13,61.92,-0.01,44,272482,卖盘
09:54:16,61.93,0.01,54,334422,买盘
09:54:19,61.93,0.0,211,1306610,卖盘
09:54:21,61.93,0.0,100,619237,买盘
09:54:25,61.93,0.0,269,1665742,买盘
09:54:28,61.92,-0.01,237,1467603,卖盘
09:54:30,61.92,0.0,130,804916,中性盘
09:54:34,61.92,0.0,430,2662168,卖盘
09:54:37,61.9,-0.02,499,3088981,卖盘
09:54:40,61.92,0.02,42,260004,买盘
09:54:43,61.91,-0.01,50,309537,卖盘
09:54:45,61.91,0.0,29,179563,卖盘
09:54:49,61.91,0.0,81,501441,卖盘
09:54:52,61.91,0.0,89,550972,买盘
09:54:55,61.9,-0.01,69,427144,卖盘
09:54:58,61.91,0.01,92,569543,买盘
09:55:01,61.9,-0.01,77,476677,卖盘
09:55:04,61.91,0.01,57,352860,买盘
09:55:07,61.91,0.0,68,420959,买盘
09:55:10,61.91,0.0,318,1968500,买盘
09:55:12,61.9,-0.01,183,1132787,卖盘
09:55:15,61.91,0.01,67,414797,买盘
09:55:18,61.9,-0.01,147,910030,卖盘
09:55:22,61.9,0.0,101,625183,卖盘
09:55:24,61.9,0.0,75,464222,买盘
09:55:28,61.9,0.0,34,210452,买盘
09:55:31,61.9,0.0,43,266169,买盘
09:55:34,61.9,0.0,66,408518,买盘
09:55:36,61.9,0.0,31,191871,买盘
09:55:40,61.9,0.0,95,588030,买盘
09:55:42,61.89,-0.01,137,847891,卖盘
09:55:45,61.89,0.0,727,4498754,买盘
09:55:49,61.89,0.0,89,550779,买盘
09:55:51,61.88,-0.01,142,881736,卖盘
09:55:54,61.87,-0.01,48,296995,卖盘
09:55:57,61.88,0.01,21,129945,买盘
09:56:01,61.87,-0.01,86,532147,卖盘
09:56:05,61.87,0.0,87,538314,卖盘
09:56:07,61.88,0.01,211,1305492,买盘
09:56:09,61.87,-0.01,164,1014727,卖盘
09:56:13,61.88,0.01,210,1299305,买盘
09:56:15,61.87,-0.01,167,1033153,中性盘
09:56:18,61.87,0.0,112,692887,买盘
09:56:22,61.88,0.01,194,1200231,买盘
09:56:24,61.86,-0.02,173,1070225,卖盘
09:56:28,61.86,0.0,154,952661,卖盘
09:56:30,61.86,0.0,656,4057986,卖盘
09:56:34,61.86,0.0,163,1008208,买盘
09:56:37,61.86,0.0,243,1503011,买盘
09:56:40,61.86,0.0,249,1540126,买盘
09:56:42,61.85,-0.01,174,1076233,卖盘
09:56:46,61.86,0.01,565,3494598,买盘
09:56:48,61.86,0.0,284,1756608,买盘
09:56:51,61.85,-0.01,798,4932039,卖盘
09:56:55,61.85,0.0,358,2214277,卖盘
09:56:58,61.86,0.01,323,1997751,买盘
09:57:01,61.85,-0.01,582,3598812,卖盘
09:57:04,61.84,-0.01,251,1552001,中性盘
09:57:07,61.85,0.01,400,2476620,买盘
09:57:10,61.84,-0.01,150,927455,卖盘
09:57:12,61.84,0.0,128,791529,卖盘
09:57:15,61.84,0.0,224,1384842,买盘
09:57:19,61.83,-0.01,366,2262746,中性盘
09:57:22,61.82,-0.01,126,778992,卖盘
09:57:25,61.84,0.02,43,265858,买盘
09:57:27,61.82,-0.02,213,1315667,卖盘
09:57:30,61.81,-0.01,314,1941135,卖盘
09:57:34,61.82,0.01,93,574961,卖盘
09:57:37,61.82,0.0,238,1471148,买盘
09:57:39,61.81,-0.01,193,1192989,卖盘
09:57:43,61.81,0.0,135,834580,卖盘
09:57:45,61.81,0.0,208,1285679,卖盘
09:57:49,61.82,0.01,271,1675090,卖盘
09:57:51,61.81,-0.01,81,500694,卖盘
09:57:55,61.8,-0.01,239,1477159,卖盘
09:57:58,61.82,0.02,791,4888463,买盘
09:58:01,61.8,-0.02,1549,9572890,卖盘
09:58:04,61.8,0.0,829,5123328,卖盘
09:58:07,61.8,0.0,504,3114816,卖盘
09:58:09,61.8,0.0,595,3677105,卖盘
09:58:13,61.8,0.0,726,4486588,卖盘
09:58:16,61.79,-0.01,245,1513776,卖盘
09:58:19,61.79,0.0,402,2483577,买盘
09:58:22,61.77,-0.02,190,1173796,卖盘
09:58:25,61.77,0.0,86,531235,卖盘
09:58:28,61.77,0.0,387,2390385,买盘
09:58:31,61.76,-0.01,98,605192,买盘
09:58:34,61.76,0.0,116,716341,买盘
09:58:36,61.75,-0.01,267,1648770,卖盘
09:58:40,61.75,0.0,63,388988,买盘
09:58:43,61.75,0.0,117,722420,买盘
09:58:46,61.73,-0.02,343,2117440,卖盘
09:58:49,61.72,-0.01,620,3826034,卖盘
09:58:52,61.72,0.0,77,475201,买盘
09:58:54,61.73,0.01,71,438214,买盘
09:58:57,61.71,-0.02,249,1537592,卖盘
09:59:01,61.72,0.01,233,1437939,买盘
09:59:04,61.71,-0.01,67,413481,卖盘
09:59:07,61.71,0.0,378,2332418,卖盘
09:59:10,61.7,-0.01,252,1554961,卖盘
09:59:13,61.71,0.01,136,839178,买盘
09:59:15,61.7,-0.01,357,2202763,卖盘
09:59:19,61.71,0.01,418,2579100,买盘
09:59:22,61.7,-0.01,229,1411809,卖盘
09:59:24,61.7,0.0,132,814401,买盘
09:59:28,61.7,0.0,237,1462154,买盘
09:59:30,61.69,-0.01,140,863637,卖盘
09:59:34,61.69,0.0,162,999364,买盘
09:59:36,61.69,0.0,260,1603722,买盘
09:59:39,61.68,-0.01,322,1986269,卖盘
09:59:43,61.68,0.0,216,1332302,卖盘
09:59:46,61.68,0.0,676,4168499,买盘
09:59:49,61.68,0.0,97,598178,买盘
09:59:52,61.67,-0.01,138,851023,卖盘
09:59:55,61.66,-0.01,119,733807,卖盘
09:59:58,61.66,0.0,277,1707820,中性盘
10:00:00,61.66,0.0,178,1100149,卖盘
10:00:05,61.65,-0.01,177,1091327,卖盘
10:00:07,61.65,0.0,184,1131677,卖盘
10:00:10,61.65,0.0,565,3483429,买盘
10:00:12,61.65,0.0,227,1399004,买盘
10:00:16,61.62,-0.03,194,1195609,卖盘
10:00:19,61.63,0.01,123,757957,买盘
10:00:22,61.63,0.0,38,234186,买盘
10:00:24,61.63,0.0,181,1115293,买盘
10:00:28,61.63,0.0,275,1694485,买盘
10:00:30,61.61,-0.02,194,1195411,卖盘
10:00:34,61.62,0.01,193,1189396,买盘
10:00:36,61.61,-0.01,448,2760726,卖盘
10:00:40,61.62,0.01,227,1398639,买盘
10:00:42,61.61,-0.01,629,3875072,卖盘
10:00:46,61.62,0.01,315,1940685,买盘
10:00:49,61.61,-0.01,197,1213791,卖盘
10:00:52,61.62,0.01,292,1799070,买盘
10:00:55,61.62,0.0,60,369721,卖盘
10:00:58,61.63,0.01,277,1706660,买盘
10:01:00,61.63,0.0,156,961272,买盘
10:01:04,61.62,-0.01,187,1152384,卖盘
10:01:07,61.63,0.01,169,1041328,买盘
10:01:10,61.62,-0.01,182,1121589,卖盘
10:01:12,61.62,0.0,476,2932836,买盘
10:01:15,61.62,0.0,383,2359796,买盘
10:01:19,61.62,0.0,838,5162329,买盘
10:01:21,61.61,-0.01,311,1916260,卖盘
10:01:24,61.61,0.0,218,1343160,卖盘
10:01:28,61.62,0.01,309,1903629,买盘
10:01:30,61.61,-0.01,144,887233,卖盘
10:01:34,61.61,0.0,184,1133750,卖盘
10:01:36,61.63,0.02,274,1688267,买盘
10:01:40,61.62,-0.01,120,739374,中性盘
10:01:42,61.61,-0.01,212,1306263,卖盘
10:01:45,61.62,0.01,389,2396762,买盘
10:01:48,61.62,0.0,227,1398664,买盘
10:01:52,61.62,0.0,71,437518,卖盘
10:01:54,61.61,-0.01,143,881143,卖盘
10:01:58,61.63,0.02,540,3328205,卖盘
10:02:00,61.62,-0.01,105,647033,卖盘
10:02:04,61.65,0.03,64,394472,买盘
10:02:06,61.63,-0.02,302,1860961,中性盘
10:02:09,61.61,-0.02,305,1879388,卖盘
10:02:12,61.65,0.04,72,443672,买盘
10:02:16,61.64,-0.01,181,1115455,中性盘
10:02:18,61.63,-0.01,143,881325,卖盘
10:02:22,61.65,0.02,192,1183274,买盘
10:02:24,61.64,-0.01,36,221910,中性盘
10:02:28,61.62,-0.02,278,1713166,卖盘
10:02:30,61.63,0.01,76,468423,买盘
10:02:34,61.65,0.02,178,1097002,买盘
10:02:36,61.63,-0.02,406,2501608,卖盘
10:02:40,61.63,0.0,652,4017398,卖盘
10:02:42,61.63,0.0,388,2391495,卖盘
10:02:45,61.65,0.02,108,665637,买盘
10:02:48,61.64,-0.01,241,1485157,卖盘
10:02:52,61.64,0.0,80,493156,卖盘
10:02:55,61.62,-0.02,257,1584066,卖盘
10:02:58,61.63,0.01,117,721056,卖盘
10:03:00,61.63,0.0,134,825854,买盘
10:03:04,61.63,0.0,51,314318,买盘
10:03:07,61.64,0.01,191,1177179,买盘
10:03:10,61.63,-0.01,71,437592,卖盘
10:03:13,61.63,0.0,488,3007392,卖盘
10:03:15,61.63,0.0,175,1078534,卖盘
10:03:18,61.63,0.0,262,1614730,买盘
10:03:22,61.62,-0.01,453,2791785,卖盘
10:03:24,61.64,0.02,115,708742,买盘
10:03:28,61.63,-0.01,167,1029202,卖盘
10:03:31,61.63,0.0,50,308172,卖盘
10:03:34,61.63,0.0,130,801236,卖盘
10:03:37,61.64,0.01,129,795101,中性盘
10:03:39,61.64,0.0,241,1485215,买盘
10:03:42,61.63,-0.01,103,634774,卖盘
10:03:46,61.64,0.01,60,369830,买盘
10:03:48,61.64,0.0,256,1577859,卖盘
10:03:51,61.64,0.0,353,2175823,买盘
10:03:55,61.64,0.0,69,425294,买盘
10:03:58,61.64,0.0,115,708782,买盘
10:04:01,61.65,0.01,226,1392864,买盘
10:04:04,61.64,-0.01,67,413010,卖盘
10:04:07,61.65,0.01,65,400693,买盘
10:04:10,61.63,-0.02,477,2940378,卖盘
10:04:13,61.63,0.0,226,1392977,卖盘
10:04:16,61.64,0.01,114,702703,买盘
10:04:19,61.63,-0.01,61,376012,卖盘
10:04:21,61.64,0.01,137,844413,买盘
10:04:25,61.65,0.01,105,647256,买盘
10:04:27,61.63,-0.02,441,2718135,卖盘
10:04:31,61.64,0.01,59,363644,买盘
10:04:34,61.63,-0.01,261,1608535,卖盘
10:04:36,61.63,0.0,247,1522145,卖盘
10:04:39,61.65,0.02,119,733572,买盘
10:04:42,61.63,-0.02,118,727303,卖盘
10:04:46,61.63,0.0,278,1713202,卖盘
10:04:49,61.65,0.02,125,770593,买盘
10:04:51,61.64,-0.01,59,363648,卖盘
10:04:54,61.64,0.0,301,1855313,买盘
10:04:58,61.63,-0.01,94,579323,卖盘
10:05:00,61.63,0.0,185,1140077,买盘
10:05:04,61.63,0.0,552,3401532,买盘
10:05:07,61.63,0.0,216,1331130,卖盘
10:05:10,61.64,0.01,47,289678,买盘
10:05:12,61.63,-0.01,158,973713,卖盘
10:05:16,61.63,0.0,462,2847082,卖盘
10:05:19,61.62,-0.01,105,647091,卖盘
10:05:21,61.62,0.0,187,1152394,买盘
10:05:24,61.62,0.0,396,2439932,卖盘
10:05:28,61.62,0.0,121,745578,买盘
10:05:30,61.62,0.0,154,948876,卖盘
10:05:34,61.63,0.01,112,690194,买盘
10:05:36,61.62,-0.01,329,2027224,卖盘
10:05:40,61.64,0.02,66,406749,买盘
10:05:42,61.62,-0.02,67,412928,卖盘
10:05:46,61.62,0.0,327,2015397,卖盘
10:05:48,61.62,0.0,224,1380396,卖盘
10:05:51,61.62,0.0,81,499115,买盘
10:05:55,61.62,0.0,124,764108,买盘
10:05:57,61.65,0.03,218,1345407,买盘
10:06:00,61.64,-0.01,256,1578092,卖盘
10:06:05,61.64,0.0,74,454585,卖盘
10:06:06,61.64,0.0,34,209548,买盘
10:06:10,61.64,0.0,47,289698,买盘
10:06:13,61.64,0.0,40,246543,买盘
10:06:16,61.64,0.0,292,1799516,买盘
10:06:19,61.64,0.0,53,326661,买盘
10:06:21,61.64,0.0,151,930584,买盘
10:06:24,61.64,0.0,99,610163,买盘
10:06:28,61.64,0.0,47,289670,买盘
10:06:30,61.64,0.0,74,456114,买盘
10:06:33,61.63,-0.01,54,332828,卖盘
10:06:37,61.63,0.0,176,1084647,卖盘
10:06:40,61.63,0.0,109,671703,买盘
10:06:42,61.63,0.0,45,277332,买盘
10:06:46,61.63,0.0,104,640873,买盘
10:06:49,61.62,-0.01,129,795053,卖盘
10:06:52,61.63,0.01,116,714865,买盘
10:06:55,61.64,0.01,145,893620,买盘
10:06:58,61.63,-0.01,185,1140019,卖盘
10:07:00,61.62,-0.01,57,351279,卖盘
10:07:04,61.64,0.02,322,1984236,买盘
10:07:07,61.62,-0.02,227,1398851,卖盘
10:07:09,61.62,0.0,162,998320,卖盘
10:07:12,61.62,0.0,130,801128,卖盘
10:07:15,61.62,0.0,124,764194,卖盘
10:07:18,61.63,0.01,100,616216,买盘
10:07:21,61.63,0.0,32,197206,买盘
10:07:25,61.63,0.0,94,579246,买盘
10:07:28,61.64,0.01,78,480691,买盘
10:07:31,61.62,-0.02,252,1552877,卖盘
10:07:34,61.61,-0.01,751,4627398,卖盘
10:07:36,61.61,0.0,303,1866937,卖盘
10:07:39,61.62,0.01,258,1589574,买盘
10:07:42,61.61,-0.01,514,3166859,卖盘
10:07:46,61.61,0.0,190,1170600,卖盘
10:07:48,61.61,0.0,263,1620370,卖盘
10:07:52,61.6,-0.01,502,3092651,卖盘
10:07:55,61.61,0.01,252,1552352,买盘
10:07:58,61.6,-0.01,1567,9652753,卖盘
10:08:00,61.6,0.0,1326,8168171,卖盘
10:08:05,61.58,-0.02,742,4570457,卖盘
10:08:07,61.58,0.0,596,3670292,卖盘
10:08:10,61.59,0.01,103,634349,中性盘
10:08:13,61.56,-0.03,406,2500008,卖盘
10:08:15,61.58,0.02,133,818785,买盘
10:08:18,61.56,-0.02,192,1181958,卖盘
10:08:22,61.56,0.0,212,1304886,买盘
10:08:25,61.54,-0.02,275,1692654,卖盘
10:08:28,61.55,0.01,84,517028,中性盘
10:08:30,61.54,-0.01,61,375406,卖盘
10:08:33,61.54,0.0,1061,6526790,买盘
10:08:37,61.53,-0.01,74,455340,卖盘
10:08:40,61.53,0.0,223,1371811,买盘
10:08:42,61.51,-0.02,288,1771559,卖盘
10:08:46,61.51,0.0,167,1027274,卖盘
10:08:49,61.51,0.0,81,498204,卖盘
10:08:51,61.51,0.0,283,1740646,买盘
10:08:54,61.51,0.0,135,830308,买盘
10:08:58,61.5,-0.01,893,5492032,卖盘
10:09:01,61.51,0.01,1314,8081172,买盘
10:09:05,61.52,0.01,531,3266527,买盘
10:09:07,61.53,0.01,322,1981047,买盘
10:09:09,61.53,0.0,215,1322898,买盘
10:09:13,61.53,0.0,180,1107494,卖盘
10:09:15,61.54,0.01,181,1113625,买盘
10:09:19,61.53,-0.01,87,535319,卖盘
10:09:21,61.53,0.0,146,898338,卖盘
10:09:25,61.54,0.01,64,393814,买盘
10:09:27,61.53,-0.01,145,892243,卖盘
10:09:31,61.54,0.01,161,990728,买盘
10:09:34,61.55,0.01,131,806184,买盘
10:09:37,61.55,0.0,73,449280,买盘
10:09:39,61.55,0.0,69,424649,买盘
10:09:43,61.55,0.0,119,732445,买盘
10:09:45,61.55,0.0,142,874020,卖盘
10:09:48,61.55,0.0,173,1064820,卖盘
10:09:51,61.55,0.0,147,904766,卖盘
10:09:55,61.55,0.0,70,430836,买盘
10:09:58,61.55,0.0,69,424701,卖盘
10:10:01,61.56,0.01,565,3479409,买盘
10:10:05,61.55,-0.01,300,1846308,卖盘
10:10:07,61.56,0.01,11,67720,卖盘
10:10:10,61.6,0.04,69,425022,买盘
10:10:13,61.59,-0.01,183,1126538,中性盘
10:10:15,61.56,-0.03,46,283217,卖盘
10:10:18,61.56,0.0,28,172425,卖盘
10:10:22,61.59,0.03,36,221744,中性盘
10:10:25,61.6,0.01,108,665216,买盘
10:10:28,61.6,0.0,34,209411,买盘
10:10:30,61.6,0.0,49,301816,买盘
10:10:33,61.6,0.0,73,449663,买盘
10:10:37,61.59,-0.01,38,234058,买盘
10:10:40,61.59,0.0,53,326460,买盘
10:10:42,61.59,0.0,151,929795,卖盘
10:10:46,61.59,0.0,343,2112831,买盘
10:10:49,61.59,0.0,110,677528,买盘
10:10:52,61.59,0.0,29,178618,卖盘
10:10:54,61.59,0.0,150,923827,卖盘
10:10:58,61.6,0.01,49,301804,买盘
10:11:00,61.59,-0.01,114,702220,中性盘
10:11:04,61.6,0.01,102,628251,买盘
10:11:06,61.59,-0.01,85,523569,卖盘
10:11:10,61.59,0.0,37,227902,卖盘
10:11:13,61.61,0.02,1414,8710580,买盘
10:11:16,61.67,0.06,287,1769151,买盘
10:11:19,61.65,-0.02,153,943383,卖盘
10:11:21,61.63,-0.02,133,819815,卖盘
10:11:24,61.61,-0.02,134,825718,卖盘
10:11:27,61.59,-0.02,323,1989803,卖盘
10:11:30,61.62,0.03,338,2082974,卖盘
10:11:34,61.64,0.02,33,203339,买盘
10:11:36,61.64,0.0,31,191095,买盘
10:11:39,61.67,0.03,45,277389,买盘
10:11:43,61.63,-0.04,145,893729,卖盘
10:11:46,61.66,0.03,125,770402,中性盘
10:11:49,61.67,0.01,83,513057,买盘
10:11:51,61.63,-0.04,170,1046808,卖盘
10:11:54,61.63,0.0,43,264998,买盘
10:11:57,61.63,0.0,50,308150,买盘
10:12:00,61.65,0.02,22,135613,买盘
10:12:05,61.65,0.0,10,61649,买盘
10:12:06,61.65,0.0,16,98639,买盘
10:12:10,61.65,0.0,37,228198,卖盘
10:12:13,61.64,-0.01,276,1701504,卖盘
10:12:16,61.68,0.04,185,1140247,买盘
10:12:19,61.65,-0.03,24,148002,卖盘
10:12:21,61.68,0.03,819,5046164,买盘
10:12:24,61.67,-0.01,48,295995,中性盘
10:12:28,61.68,0.01,36,222016,买盘
10:12:30,61.68,0.0,84,517961,买盘
10:12:34,61.68,0.0,419,2583673,卖盘
10:12:37,61.69,0.01,51,314545,买盘
10:12:40,61.65,-0.04,397,2447933,卖盘
10:12:42,61.67,0.02,53,326794,买盘
10:12:46,61.68,0.01,74,456376,买盘
10:12:49,61.65,-0.03,166,1023508,卖盘
10:12:52,61.65,0.0,79,487018,买盘
10:12:55,61.6,-0.05,411,2532232,卖盘
10:12:57,61.65,0.05,75,462071,买盘
10:13:00,61.65,0.0,237,1461107,买盘
10:13:04,61.6,-0.05,68,419139,卖盘
10:13:06,61.6,0.0,144,887110,卖盘
10:13:09,61.6,0.0,220,1355162,买盘
10:13:12,61.6,0.0,111,683752,买盘
10:13:15,61.61,0.01,119,733172,卖盘
10:13:18,61.61,0.0,142,875282,卖盘
10:13:22,61.63,0.02,599,3690371,买盘
10:13:25,61.62,-0.01,48,295739,买盘
10:13:28,61.62,0.0,28,172528,买盘
10:13:31,61.62,0.0,34,209487,买盘
10:13:34,61.62,0.0,42,258788,卖盘
10:13:37,61.61,-0.01,51,314227,卖盘
10:13:40,61.61,0.0,57,351196,买盘
10:13:42,61.61,0.0,41,252619,卖盘
10:13:45,61.61,0.0,92,566831,卖盘
10:13:48,61.61,0.0,70,431319,卖盘
10:13:52,61.61,0.0,69,425117,卖盘
10:13:55,61.61,0.0,460,2833660,买盘
10:13:57,61.61,0.0,99,609916,买盘
10:14:01,61.61,0.0,22,135546,卖盘
10:14:05,61.61,0.0,179,1102836,卖盘
10:14:07,61.62,0.01,49,301904,买盘
10:14:09,61.61,-0.01,72,443601,卖盘
10:14:13,61.62,0.01,523,3221871,买盘
10:14:16,61.6,-0.02,154,948778,卖盘
10:14:19,61.61,0.01,13,80105,卖盘
10:14:21,61.62,0.01,16,98588,买盘
10:14:24,61.62,0.0,313,1928312,卖盘
10:14:28,61.62,0.0,27,166378,卖盘
10:14:31,61.61,-0.01,104,640766,卖盘
10:14:34,61.6,-0.01,308,1897350,卖盘
10:14:37,61.62,0.02,73,449825,买盘
10:14:39,61.61,-0.01,255,1571337,卖盘
10:14:43,61.6,-0.01,92,566813,卖盘
10:14:46,61.62,0.02,61,375827,买盘
10:14:49,61.62,0.0,57,351194,买盘
10:14:52,61.61,-0.01,74,455905,卖盘
10:14:55,61.61,0.0,236,1453810,买盘
10:14:58,61.61,0.0,56,344997,买盘
10:15:01,61.6,-0.01,139,856273,卖盘
10:15:04,61.61,0.01,64,394292,买盘
10:15:07,61.61,0.0,52,320343,买盘
10:15:10,61.61,0.0,30,184829,买盘
10:15:13,61.61,0.0,65,400437,买盘
10:15:16,61.61,0.0,208,1281295,买盘
10:15:19,61.61,0.0,557,3431204,买盘
10:15:21,61.61,0.0,61,375818,买盘
10:15:25,61.62,0.01,148,911968,买盘
10:15:28,61.61,-0.01,151,930442,卖盘
10:15:31,61.62,0.01,27,166382,卖盘
10:15:34,61.63,0.01,25,154054,买盘
10:15:37,61.61,-0.02,188,1158299,卖盘
10:15:39,61.62,0.01,39,240301,买盘
10:15:42,61.63,0.01,51,314249,买盘
10:15:46,61.62,-0.01,7,43141,卖盘
10:15:48,61.63,0.01,77,474551,买盘
10:15:51,61.62,-0.01,114,702552,卖盘
10:15:55,61.62,0.0,99,610038,买盘
10:15:57,61.61,-0.01,29,178687,卖盘
10:16:01,61.62,0.01,16,98597,卖盘
10:16:04,61.61,-0.01,55,338917,卖盘
10:16:07,61.63,0.02,34,209528,买盘
10:16:09,61.62,-0.01,23,141739,卖盘
10:16:12,61.63,0.01,58,357407,买盘
10:16:15,61.61,-0.02,93,573073,卖盘
10:16:19,61.62,0.01,111,683957,买盘
10:16:21,61.61,-0.01,86,529913,卖盘
10:16:24,61.62,0.01,313,1928450,买盘
10:16:28,61.63,0.01,68,419046,买盘
10:16:31,61.62,-0.01,33,203352,卖盘
10:16:34,61.61,-0.01,191,1176902,卖盘
10:16:37,61.62,0.01,58,357411,买盘
10:16:39,61.62,0.0,65,400520,卖盘
10:16:42,61.63,0.01,84,517623,买盘
10:16:46,61.63,0.0,117,720959,买盘
10:16:49,61.63,0.0,40,246499,买盘
10:16:52,61.62,-0.01,65,400557,卖盘
10:16:54,61.62,0.0,100,616131,买盘
10:16:58,61.62,0.0,250,1540337,买盘
10:17:00,61.61,-0.01,160,985827,卖盘
10:17:04,61.63,0.02,276,1700346,买盘
10:17:07,61.61,-0.02,45,277260,卖盘
10:17:10,61.62,0.01,80,492840,买盘
10:17:13,61.62,0.0,77,474489,卖盘
10:17:16,61.62,0.0,20,123233,卖盘
10:17:19,61.61,-0.01,47,289589,卖盘
10:17:22,61.62,0.01,27,166373,买盘
10:17:24,61.62,0.0,77,474455,卖盘
10:17:27,61.63,0.01,18,110917,买盘
10:17:31,61.62,-0.01,76,468334,卖盘
10:17:33,61.62,0.0,202,1244600,买盘
10:17:37,61.6,-0.02,224,1379885,卖盘
10:17:39,61.62,0.02,100,616065,买盘
10:17:42,61.62,0.0,338,2082147,买盘
10:17:46,61.6,-0.02,544,3351072,卖盘
10:17:49,61.61,0.01,169,1040972,买盘
10:17:52,61.6,-0.01,167,1028583,卖盘
10:17:55,61.61,0.01,54,332643,买盘
10:17:58,61.62,0.01,134,825564,买盘
10:18:00,61.61,-0.01,22,135557,卖盘
10:18:04,61.6,-0.01,68,418878,卖盘
10:18:07,61.6,0.0,52,320319,买盘
10:18:10,61.6,0.0,51,314143,买盘
10:18:12,61.6,0.0,52,320298,买盘
10:18:16,61.6,0.0,101,622140,买盘
10:18:19,61.6,0.0,106,652879,买盘
10:18:21,61.6,0.0,95,585188,买盘
10:18:24,61.6,0.0,136,837748,买盘
10:18:27,61.59,-0.01,47,289514,卖盘
10:18:30,61.59,0.0,507,3122146,买盘
10:18:33,61.59,0.0,35,215546,买盘
10:18:36,61.58,-0.01,27,166279,卖盘
10:18:39,61.59,0.01,58,357199,买盘
10:18:42,61.58,-0.01,48,295609,卖盘
10:18:46,61.59,0.01,66,406451,中性盘
10:18:49,61.6,0.01,21,129358,买盘
10:18:51,61.59,-0.01,73,449599,卖盘
10:18:55,61.59,0.0,32,197081,买盘
10:18:57,61.59,0.0,26,160129,买盘
10:19:01,61.58,-0.01,120,738950,卖盘
10:19:05,61.58,0.0,82,504903,买盘
10:19:06,61.57,-0.01,197,1212982,卖盘
10:19:10,61.58,0.01,94,578772,买盘
10:19:12,61.58,0.0,328,2019553,买盘
10:19:15,61.57,-0.01,117,720319,卖盘
10:19:19,61.57,0.0,62,381713,买盘
10:19:21,61.57,0.0,96,591012,买盘
10:19:24,61.57,0.0,25,153924,买盘
10:19:27,61.57,0.0,344,2117696,买盘
10:19:30,61.56,-0.01,70,429958,卖盘
10:19:34,61.57,0.01,45,277059,买盘
10:19:36,61.56,-0.01,176,1083464,卖盘
10:19:40,61.56,0.0,29,179519,卖盘
10:19:42,61.56,0.0,24,147743,买盘
10:19:46,61.56,0.0,11,67711,买盘
10:19:49,61.55,-0.01,91,560161,卖盘
10:19:51,61.55,0.0,238,1464968,卖盘
10:19:55,61.55,0.0,106,652460,卖盘
10:19:57,61.55,0.0,163,1003326,卖盘
10:20:01,61.55,0.0,88,541667,卖盘
10:20:04,61.55,0.0,609,3748409,卖盘
10:20:07,61.56,0.01,299,1840370,买盘
10:20:09,61.55,-0.01,52,320054,卖盘
10:20:12,61.55,0.0,68,418551,买盘
10:20:16,61.55,0.0,114,701670,卖盘
10:20:19,61.55,0.0,169,1040070,中性盘
10:20:21,61.56,0.01,494,3040113,买盘
10:20:25,61.54,-0.02,120,738568,卖盘
10:20:27,61.53,-0.01,53,326135,卖盘
10:20:30,61.54,0.01,157,966101,买盘
10:20:33,61.54,0.0,984,6055229,买盘
10:20:36,61.53,-0.01,102,627638,卖盘
10:20:40,61.53,0.0,65,399925,买盘
10:20:43,61.52,-0.01,62,381419,卖盘
10:20:45,61.51,-0.01,70,430620,卖盘
10:20:49,61.52,0.01,44,270691,买盘
10:20:51,61.52,0.0,64,393769,卖盘
10:20:55,61.53,0.01,130,799829,买盘
10:20:58,61.54,0.01,65,399913,买盘
10:21:01,61.53,-0.01,76,467569,中性盘
10:21:04,61.52,-0.01,81,498353,卖盘
10:21:07,61.52,0.0,280,1722379,买盘
10:21:10,61.52,0.0,87,535227,卖盘
10:21:12,61.52,0.0,80,492189,卖盘
10:21:16,61.51,-0.01,148,910496,卖盘
10:21:18,61.51,0.0,57,350647,卖盘
10:21:22,61.52,0.01,80,492153,买盘
10:21:25,61.52,0.0,867,5332934,买盘
10:21:28,61.52,0.0,111,682806,买盘
10:21:31,61.52,0.0,117,719697,买盘
10:21:34,61.51,-0.01,59,362921,卖盘
10:21:37,61.52,0.01,45,276810,买盘
10:21:39,61.52,0.0,63,387565,买盘
10:21:42,61.52,0.0,183,1125650,买盘
10:21:46,61.52,0.0,60,369102,买盘
10:21:49,61.51,-0.01,63,385737,卖盘
10:21:52,61.51,0.0,212,1303878,买盘
10:21:55,61.5,-0.01,138,848730,卖盘
10:21:58,61.5,0.0,136,839189,卖盘
10:22:01,61.5,0.0,118,725708,卖盘
10:22:04,61.5,0.0,113,694989,卖盘
10:22:07,61.51,0.01,145,891814,买盘
10:22:10,61.51,0.0,82,504363,买盘
10:22:12,61.51,0.0,72,442839,买盘
10:22:16,61.51,0.0,112,688856,买盘
10:22:18,61.51,0.0,209,1285474,买盘
10:22:21,61.51,0.0,106,651955,买盘
10:22:25,61.51,0.0,261,1605168,买盘
10:22:27,61.51,0.0,286,1758971,买盘
10:22:31,61.5,-0.01,163,1002507,卖盘
10:22:34,61.51,0.01,61,375204,买盘
10:22:37,61.5,-0.01,95,584270,卖盘
10:22:40,61.5,0.0,156,959488,卖盘
10:22:43,61.51,0.01,2177,13384594,买盘
10:22:45,61.5,-0.01,1039,6389863,卖盘
10:22:49,61.5,0.0,450,2767569,卖盘
10:22:52,61.5,0.0,178,1094721,卖盘
10:22:55,61.51,0.01,240,1476071,买盘
10:22:58,61.51,0.0,105,645773,买盘
10:23:00,61.5,-0.01,234,1439205,卖盘
10:23:04,61.5,0.0,315,1937298,卖盘
10:23:07,61.5,0.0,177,1088690,卖盘
10:23:10,61.51,0.01,1879,11555884,买盘
10:23:12,61.5,-0.01,643,3954478,卖盘
10:23:15,61.5,0.0,937,5763303,卖盘
10:23:19,61.5,0.0,225,1383462,买盘
10:23:21,61.5,0.0,92,565792,买盘
10:23:25,61.5,0.0,123,756441,买盘
10:23:28,61.49,-0.01,176,1082261,中性盘
10:23:30,61.48,-0.01,489,3006299,卖盘
10:23:34,61.48,0.0,109,669962,买盘
10:23:36,61.48,0.0,38,233610,买盘
10:23:39,61.48,0.0,68,417982,买盘
10:23:43,61.48,0.0,62,381145,买盘
10:23:45,61.46,-0.02,180,1106306,卖盘
10:23:48,61.46,0.0,83,510119,买盘
10:23:52,61.44,-0.02,495,3041886,卖盘
10:23:55,61.45,0.01,113,694309,买盘
10:23:58,61.44,-0.01,82,503852,卖盘
10:24:00,61.44,0.0,109,669742,卖盘
10:24:04,61.44,0.0,135,829448,卖盘
10:24:07,61.43,-0.01,306,1879782,卖盘
10:24:10,61.42,-0.01,69,423809,卖盘
10:24:12,61.42,0.0,50,307115,卖盘
10:24:15,61.42,0.0,61,374663,卖盘
10:24:18,61.42,0.0,147,902788,买盘
10:24:22,61.42,0.0,109,669413,买盘
10:24:25,61.41,-0.01,109,669384,卖盘
10:24:28,61.41,0.0,118,724660,卖盘
10:24:30,61.41,0.0,98,601832,卖盘
10:24:34,61.41,0.0,487,2990278,买盘
10:24:36,61.41,0.0,190,1166636,买盘
10:24:40,61.4,-0.01,127,779831,卖盘
10:24:42,61.41,0.01,357,2192080,买盘
10:24:45,61.4,-0.01,166,1019271,卖盘
10:24:49,61.4,0.0,128,785942,卖盘
10:24:52,61.41,0.01,433,2658800,买盘
10:24:55,61.4,-0.01,52,319278,卖盘
10:24:58,61.39,-0.01,137,841104,卖盘
10:25:00,61.39,0.0,117,718333,卖盘
10:25:04,61.4,0.01,251,1541025,买盘
10:25:07,61.39,-0.01,298,1829181,中性盘
10:25:10,61.38,-0.01,159,975987,卖盘
10:25:13,61.38,0.0,53,325343,卖盘
10:25:16,61.38,0.0,123,754998,卖盘
10:25:18,61.37,-0.01,490,3007311,卖盘
10:25:22,61.37,0.0,201,1233459,买盘
10:25:24,61.36,-0.01,65,398876,卖盘
10:25:27,61.36,0.0,158,969494,卖盘
10:25:30,61.36,0.0,141,865103,买盘
10:25:34,61.35,-0.01,39,239292,卖盘
10:25:37,61.36,0.01,184,1128904,买盘
10:25:40,61.35,-0.01,156,957077,卖盘
10:25:42,61.35,0.0,78,478522,买盘
10:25:45,61.34,-0.01,67,411001,卖盘
10:25:49,61.34,0.0,113,693202,卖盘
10:25:52,61.33,-0.01,251,1539506,卖盘
10:25:54,61.34,0.01,207,1269621,买盘
10:25:57,61.33,-0.01,156,956765,卖盘
10:26:01,61.33,0.0,208,1275897,卖盘
10:26:05,61.35,0.02,145,889370,买盘
10:26:06,61.33,-0.02,124,760473,卖盘
10:26:10,61.33,0.0,283,1735604,买盘
10:26:12,61.33,0.0,137,840221,买盘
10:26:16,61.33,0.0,163,999694,卖盘
10:26:18,61.33,0.0,163,999681,卖盘
10:26:21,61.35,0.02,338,2073036,买盘
10:26:24,61.35,0.0,155,950574,买盘
10:26:27,61.34,-0.01,111,680902,卖盘
10:26:31,61.35,0.01,130,797396,买盘
10:26:33,61.35,0.0,754,4626037,买盘
10:26:37,61.35,0.0,91,558289,买盘
10:26:40,61.37,0.02,656,4025221,买盘
10:26:43,61.36,-0.01,269,1650879,卖盘
10:26:45,61.39,0.03,146,896134,买盘
10:26:49,61.37,-0.02,129,791735,卖盘
10:26:52,61.38,0.01,172,1055485,卖盘
10:26:54,61.38,0.0,179,1098824,卖盘
10:26:57,61.38,0.0,99,607669,卖盘
10:27:01,61.38,0.0,167,1024996,买盘
10:27:04,61.39,0.01,168,1031205,买盘
10:27:07,61.39,0.0,48,294676,卖盘
10:27:10,61.4,0.01,66,405183,买盘
10:27:13,61.4,0.0,58,356089,买盘
10:27:15,61.4,0.0,115,706949,买盘
10:27:19,61.4,0.0,287,1762442,卖盘
10:27:22,61.42,0.02,385,2364678,买盘
10:27:24,61.42,0.0,102,626494,卖盘
10:27:28,61.43,0.01,53,325553,买盘
10:27:31,61.44,0.01,119,730998,买盘
10:27:33,61.44,0.0,56,344006,买盘
10:27:37,61.44,0.0,100,614400,买盘
10:27:40,61.44,0.0,63,387117,卖盘
10:27:43,61.45,0.01,31,190484,中性盘
10:27:46,61.47,0.02,167,1026378,买盘
10:27:49,61.46,-0.01,65,399514,卖盘
10:27:52,61.46,0.0,177,1088021,卖盘
10:27:55,61.48,0.02,143,878934,买盘
10:27:57,61.49,0.01,44,270503,买盘
10:28:00,61.49,0.0,57,350446,买盘
10:28:04,61.48,-0.01,61,375076,卖盘
10:28:07,61.49,0.01,110,676340,买盘
10:28:09,61.48,-0.01,168,1029922,卖盘
10:28:13,61.5,0.02,210,1291295,买盘
10:28:15,61.5,0.0,130,799511,卖盘
10:28:18,61.5,0.0,38,233727,卖盘
10:28:21,61.51,0.01,77,473603,买盘
10:28:25,61.5,-0.01,197,1211639,卖盘
10:28:27,61.51,0.01,41,252183,卖盘
10:28:31,61.52,0.01,268,1648436,买盘
10:28:34,61.5,-0.02,120,738078,卖盘
10:28:37,61.51,0.01,194,1193422,买盘
10:28:40,61.5,-0.01,115,707281,卖盘
10:28:42,61.5,0.0,40,246000,买盘
10:28:45,61.5,0.0,63,387454,买盘
10:28:49,61.51,0.01,14,86109,买盘
10:28:51,61.52,0.01,18,110723,买盘
10:28:54,61.52,0.0,25,153782,买盘
10:28:57,61.5,-0.02,30,184526,卖盘
10:29:00,61.52,0.02,65,399819,买盘
10:29:04,61.51,-0.01,32,196827,中性盘
10:29:07,61.5,-0.01,160,984151,卖盘
10:29:10,61.52,0.02,21,129181,中性盘
10:29:13,61.5,-0.02,97,596648,卖盘
10:29:16,61.52,0.02,192,1181054,买盘
10:29:18,61.52,0.0,104,639633,买盘
10:29:22,61.52,0.0,137,842592,买盘
10:29:24,61.51,-0.01,60,369080,卖盘
10:29:28,61.51,0.0,35,215306,买盘
10:29:31,61.51,0.0,7,43056,买盘
10:29:33,61.52,0.01,47,289108,买盘
10:29:37,61.51,-0.01,57,350592,卖盘
10:29:39,61.52,0.01,39,239876,买盘
10:29:42,61.52,0.0,233,1433163,买盘
10:29:45,61.51,-0.01,51,313716,中性盘
10:29:48,61.5,-0.01,104,639658,卖盘
10:29:52,61.5,0.0,77,473543,卖盘
10:29:55,61.5,0.0,48,295200,卖盘
10:29:57,61.5,0.0,99,608853,买盘
10:30:01,61.5,0.0,66,405879,中性盘
10:30:04,61.5,0.0,81,498141,买盘
10:30:07,61.51,0.01,66,405888,买盘
10:30:10,61.51,0.0,41,252180,买盘
10:30:12,61.51,0.0,82,504316,买盘
10:30:15,61.49,-0.02,53,325955,卖盘
10:30:19,61.49,0.0,81,498115,卖盘
10:30:21,61.5,0.01,55,338215,买盘
10:30:24,61.5,0.0,72,442798,卖盘
10:30:28,61.51,0.01,16,98406,买盘
10:30:31,61.5,-0.01,46,282900,卖盘
10:30:33,61.5,0.0,39,239850,买盘
10:30:36,61.5,0.0,252,1549848,买盘
10:30:39,61.49,-0.01,359,2207514,卖盘
10:30:43,61.51,0.02,183,1125483,买盘
10:30:46,61.51,0.0,13,79963,卖盘
10:30:49,61.52,0.01,256,1574170,买盘
10:30:51,61.51,-0.01,55,338206,买盘
10:30:54,61.5,-0.01,46,282925,卖盘
10:30:58,61.51,0.01,40,245998,买盘
10:31:00,61.52,0.01,33,202995,买盘
10:31:04,61.52,0.0,54,332129,买盘
10:31:07,61.51,-0.01,17,104569,中性盘
10:31:10,61.51,0.0,119,731923,卖盘
10:31:13,61.51,0.0,37,227585,卖盘
10:31:16,61.51,0.0,67,412126,卖盘
10:31:18,61.5,-0.01,377,2318759,卖盘
10:31:22,61.52,0.02,120,738097,买盘
10:31:24,61.5,-0.02,40,246001,卖盘
10:31:28,61.5,0.0,50,307513,卖盘
10:31:30,61.51,0.01,31,190656,买盘
10:31:33,61.51,0.0,14,86116,买盘
10:31:37,61.51,0.0,41,252153,买盘
10:31:39,61.51,0.0,27,166063,买盘
10:31:42,61.51,0.0,126,775120,买盘
10:31:46,61.5,-0.01,16,98402,卖盘
10:31:49,61.51,0.01,59,362902,买盘
10:31:51,61.51,0.0,164,1008817,卖盘
10:31:55,61.5,-0.01,165,1014751,卖盘
10:31:57,61.51,0.01,67,412058,买盘
10:32:01,61.5,-0.01,55,338258,卖盘
10:32:04,61.5,0.0,107,658022,卖盘
10:32:07,61.49,-0.01,97,596486,卖盘
10:32:09,61.5,0.01,186,1143783,买盘
10:32:13,61.5,0.0,202,1242398,买盘
10:32:15,61.5,0.0,68,418147,买盘
10:32:19,61.5,0.0,35,215250,买盘
10:32:21,61.5,0.0,139,854945,买盘
10:32:25,61.5,0.0,52,319804,卖盘
10:32:28,61.5,0.0,39,239850,卖盘
10:32:31,61.53,0.03,212,1304377,买盘
10:32:34,61.51,-0.02,74,455221,卖盘
10:32:37,61.5,-0.01,129,793433,卖盘
10:32:40,61.55,0.05,182,1119911,买盘
10:32:43,61.53,-0.02,79,486162,卖盘
10:32:45,61.5,-0.03,112,688823,卖盘
10:32:48,61.52,0.02,114,701176,中性盘
10:32:52,61.51,-0.01,49,301396,中性盘
10:32:55,61.51,0.0,85,522831,卖盘
10:32:57,61.5,-0.01,82,504349,卖盘
10:33:00,61.51,0.01,76,467471,买盘
10:33:04,61.5,-0.01,126,774936,卖盘
10:33:07,61.5,0.0,137,842597,卖盘
10:33:09,61.51,0.01,43,264465,买盘
10:33:13,61.51,0.0,15,92270,卖盘
10:33:15,61.5,-0.01,97,596607,卖盘
10:33:18,61.51,0.01,111,682778,卖盘
10:33:21,61.51,0.0,35,215269,买盘
10:33:25,61.51,0.0,52,319874,买盘
10:33:28,61.52,0.01,60,369071,买盘
10:33:31,61.51,-0.01,90,553543,卖盘
10:33:33,61.51,0.0,75,461292,中性盘
10:33:36,61.52,0.01,40,246060,买盘
10:33:40,61.52,0.0,3,19686,卖盘
10:33:42,61.53,0.01,100,613938,买盘
10:33:45,61.52,-0.01,55,338311,卖盘
10:33:49,61.52,0.0,140,862400,买盘
10:33:51,61.53,0.01,30,184550,买盘
10:33:55,61.51,-0.02,10,60281,买盘
10:33:57,61.51,0.0,38,233738,买盘
10:34:01,61.51,0.0,24,147621,买盘
10:34:05,61.5,-0.01,151,928781,卖盘
10:34:07,61.52,0.02,41,253422,买盘
10:34:10,61.52,0.0,74,455248,卖盘
10:34:12,61.51,-0.01,54,332224,卖盘
10:34:16,61.5,-0.01,219,1345647,卖盘
10:34:18,61.52,0.02,38,234940,买盘
10:34:22,61.52,0.0,30,184535,买盘
10:34:24,61.51,-0.01,14,86119,卖盘
10:34:28,61.52,0.01,15,92271,买盘
10:34:31,61.51,-0.01,21,129180,卖盘
10:34:33,61.52,0.01,26,159951,买盘
10:34:36,61.5,-0.02,43,263266,卖盘
10:34:39,61.52,0.02,77,473620,买盘
10:34:43,61.52,0.0,58,356811,买盘
10:34:45,61.51,-0.01,26,159944,卖盘
10:34:48,61.51,0.0,69,424437,卖盘
10:34:51,61.51,0.0,40,246036,买盘
10:34:55,61.52,0.01,24,147625,买盘
10:34:58,61.52,0.0,36,221429,买盘
10:35:01,61.51,-0.01,33,202981,卖盘
10:35:04,61.52,0.01,105,645903,买盘
10:35:07,61.51,-0.01,35,215308,卖盘
10:35:09,61.51,0.0,63,390683,卖盘
10:35:13,61.52,0.01,145,892028,买盘
10:35:16,61.52,0.0,12,73827,卖盘
10:35:18,61.51,-0.01,109,670519,卖盘
10:35:22,61.52,0.01,95,584356,中性盘
10:35:25,61.52,0.0,26,159953,中性盘
10:35:28,61.53,0.01,6,36916,买盘
10:35:30,61.51,-0.02,104,639801,卖盘
10:35:34,61.52,0.01,100,615246,卖盘
10:35:37,61.51,-0.01,49,301437,卖盘
10:35:39,61.52,0.01,26,159951,买盘
10:35:42,61.52,0.0,43,264531,买盘
10:35:45,61.52,0.0,24,147642,买盘
10:35:49,61.51,-0.01,155,953450,卖盘
10:35:52,61.53,0.02,157,965932,买盘
10:35:55,61.52,-0.01,183,1125661,卖盘
10:35:57,61.52,0.0,69,424501,买盘
10:36:01,61.53,0.01,41,252273,买盘
10:36:04,61.53,0.0,33,203045,买盘
10:36:07,61.55,0.02,43,264630,买盘
10:36:09,61.55,0.0,21,129255,卖盘
10:36:12,61.56,0.01,15,92326,买盘
10:36:16,61.56,0.0,25,153878,买盘
10:36:18,61.54,-0.02,127,781652,卖盘
10:36:22,61.54,0.0,22,135383,买盘
10:36:24,61.54,0.0,377,2319385,买盘
10:36:28,61.54,0.0,89,547711,买盘
10:36:30,61.54,0.0,375,2306566,买盘
10:36:34,61.53,-0.01,80,492134,卖盘
10:36:37,61.54,0.01,108,664467,买盘
10:36:40,61.53,-0.01,55,338460,卖盘
10:36:43,61.54,0.01,38,233819,买盘
10:36:45,61.57,0.03,113,695471,买盘
10:36:48,61.57,0.0,392,2411088,买盘
10:36:51,61.53,-0.04,47,289144,中性盘
10:36:55,61.55,0.02,58,356898,买盘
10:36:58,61.52,-0.03,103,633803,中性盘
10:37:00,61.53,0.01,356,2189477,卖盘
10:37:04,61.51,-0.02,58,356861,卖盘
10:37:07,61.53,0.02,57,350683,买盘
10:37:10,61.52,-0.01,72,442982,卖盘
10:37:12,61.53,0.01,67,412247,中性盘
10:37:15,61.53,0.0,116,713725,中性盘
10:37:18,61.53,0.0,28,172270,卖盘
10:37:22,61.52,-0.01,24,147663,中性盘
10:37:25,61.54,0.02,39,239962,买盘
10:37:27,61.52,-0.02,28,172292,卖盘
10:37:31,61.53,0.01,38,233806,卖盘
10:37:33,61.51,-0.02,230,1414773,卖盘
10:37:37,61.51,0.0,38,233763,卖盘
10:37:39,61.51,0.0,76,467499,卖盘
10:37:43,61.52,0.01,82,504385,买盘
10:37:45,61.53,0.01,61,375247,买盘
10:37:48,61.52,-0.01,36,221454,买盘
10:37:51,61.52,0.0,19,116867,买盘
10:37:54,61.52,0.0,291,1789673,买盘
10:37:58,61.52,0.0,30,184558,买盘
10:38:01,61.51,-0.01,110,676578,卖盘
10:38:04,61.52,0.01,68,418300,买盘
10:38:07,61.51,-0.01,25,153788,中性盘
10:38:10,61.51,0.0,49,302670,卖盘
10:38:13,61.51,0.0,22,135330,卖盘
10:38:15,61.51,0.0,91,559774,卖盘
10:38:19,61.51,0.0,121,744506,卖盘
10:38:22,61.53,0.02,17,104582,买盘
10:38:24,61.55,0.02,114,701418,买盘
10:38:28,61.52,-0.03,95,584556,卖盘
10:38:30,61.53,0.01,3,18459,买盘
10:38:34,61.52,-0.01,99,609154,卖盘
10:38:37,61.53,0.01,35,215410,卖盘
10:38:39,61.54,0.01,34,209263,买盘
10:38:42,61.52,-0.02,52,319987,卖盘
10:38:45,61.53,0.01,89,547735,卖盘
10:38:49,61.53,0.0,37,227660,买盘
10:38:52,61.55,0.02,20,123110,买盘
10:38:54,61.52,-0.03,169,1039863,卖盘
10:38:58,61.51,-0.01,31,190688,卖盘
10:39:00,61.52,0.01,96,590592,买盘
10:39:04,61.53,0.01,126,775151,买盘
10:39:07,61.52,-0.01,9,55370,卖盘
10:39:10,61.52,0.0,49,301449,卖盘
10:39:12,61.55,0.03,25,153846,买盘
10:39:15,61.53,-0.02,104,639936,卖盘
10:39:18,61.52,-0.01,50,307639,卖盘
10:39:21,61.53,0.01,62,381473,买盘
10:39:25,61.52,-0.01,21,129212,卖盘
10:39:28,61.52,0.0,84,516775,卖盘
10:39:31,61.52,0.0,17,104590,卖盘
10:39:34,61.53,0.01,191,1175073,买盘
10:39:37,61.53,0.0,22,135360,买盘
10:39:40,61.52,-0.01,6,36912,卖盘
10:39:43,61.52,0.0,130,799772,卖盘
10:39:46,61.53,0.01,60,369174,买盘
10:39:49,61.52,-0.01,78,479857,卖盘
10:39:51,61.52,0.0,26,159952,买盘
10:39:55,61.51,-0.01,238,1463963,卖盘
10:39:58,61.51,0.0,18,110711,买盘
10:40:00,61.51,0.0,14,86114,买盘
10:40:05,61.5,-0.01,136,836454,卖盘
10:40:07,61.51,0.01,62,381334,卖盘
10:40:10,61.5,-0.01,127,781181,卖盘
10:40:13,61.5,0.0,108,664219,卖盘
10:40:16,61.51,0.01,119,731868,买盘
10:40:19,61.51,0.0,17,104566,买盘
10:40:22,61.51,0.0,114,701138,买盘
10:40:25,61.51,0.0,24,147621,买盘
10:40:27,61.51,0.0,66,405954,买盘
10:40:31,61.51,0.0,15,92265,买盘
10:40:33,61.51,0.0,40,246023,买盘
10:40:37,61.51,0.0,16,98412,买盘
10:40:39,61.51,0.0,67,412055,买盘
10:40:42,61.5,-0.01,17,104561,卖盘
10:40:46,61.51,0.01,41,252176,买盘
10:40:48,61.51,0.0,85,522818,买盘
10:40:51,61.5,-0.01,52,319825,卖盘
10:40:54,61.51,0.01,76,467418,买盘
10:40:58,61.51,0.0,14,86103,买盘
10:41:00,61.5,-0.01,37,227565,卖盘
10:41:04,61.51,0.01,19,116866,买盘
10:41:07,61.5,-0.01,113,695004,卖盘
10:41:10,61.51,0.01,27,166063,买盘
10:41:13,61.51,0.0,48,295242,买盘
10:41:15,61.51,0.0,52,319841,买盘
10:41:18,61.51,0.0,82,504339,买盘
10:41:22,61.51,0.0,12,73812,买盘
10:41:24,61.51,0.0,106,651925,买盘
10:41:28,61.5,-0.01,454,2792352,卖盘
10:41:31,61.51,0.01,69,424363,买盘
10:41:34,61.5,-0.01,52,319816,卖盘
10:41:36,61.5,0.0,96,590453,卖盘
10:41:39,61.5,0.0,52,319800,卖盘
10:41:42,61.5,0.0,182,1119311,卖盘
10:41:45,61.51,0.01,31,190669,买盘
10:41:48,61.51,0.0,124,762664,买盘
10:41:52,61.51,0.0,323,1986471,买盘
10:41:55,61.49,-0.02,196,1205399,卖盘
10:41:57,61.51,0.02,43,264451,买盘
10:42:01,61.5,-0.01,27,166053,卖盘
10:42:05,61.5,0.0,41,252174,卖盘
10:42:07,61.49,-0.01,52,319810,卖盘
10:42:10,61.49,0.0,26,159880,卖盘
10:42:12,61.49,0.0,40,245973,卖盘
10:42:15,61.5,0.01,38,233696,买盘
10:42:19,61.49,-0.01,47,289012,卖盘
10:42:22,61.5,0.01,55,338212,买盘
10:42:25,61.49,-0.01,213,1309801,卖盘
10:42:27,61.48,-0.01,656,4030057,卖盘
10:42:31,61.49,0.01,149,916056,买盘
10:42:33,61.48,-0.01,86,531759,卖盘
10:42:36,61.47,-0.01,182,1118753,卖盘
10:42:39,61.47,0.0,383,2353961,买盘
10:42:43,61.45,-0.02,173,1063105,卖盘
10:42:46,61.45,0.0,64,393297,卖盘
10:42:49,61.47,0.02,45,276608,买盘
10:42:52,61.47,0.0,102,626806,买盘
10:42:55,61.45,-0.02,52,319637,卖盘
10:42:58,61.46,0.01,17,104470,中性盘
10:43:01,61.47,0.01,57,350308,买盘
10:43:04,61.45,-0.02,25,153638,卖盘
10:43:07,61.44,-0.01,67,411715,卖盘
10:43:10,61.44,0.0,110,675857,卖盘
10:43:12,61.44,0.0,60,368632,卖盘
10:43:15,61.44,0.0,70,430032,买盘
10:43:19,61.43,-0.01,85,522208,卖盘
10:43:22,61.44,0.01,70,430014,买盘
10:43:24,61.44,0.0,18,110581,买盘
10:43:28,61.43,-0.01,98,601996,卖盘
10:43:31,61.43,0.0,165,1013521,买盘
10:43:34,61.42,-0.01,45,276406,卖盘
10:43:37,61.41,-0.01,54,331685,卖盘
10:43:40,61.41,0.0,21,128978,卖盘
10:43:42,61.41,0.0,27,165817,卖盘
10:43:45,61.41,0.0,64,393024,卖盘
10:43:48,61.41,0.0,95,583442,卖盘
10:43:51,61.42,0.01,90,552751,买盘
10:43:54,61.41,-0.01,187,1148367,卖盘
10:43:58,61.41,0.0,88,540401,卖盘
10:44:01,61.41,0.0,72,442114,买盘
10:44:05,61.41,0.0,85,521946,买盘
10:44:07,61.41,0.0,754,4629631,买盘
10:44:09,61.4,-0.01,104,638547,卖盘
10:44:13,61.4,0.0,68,417523,买盘
10:44:15,61.4,0.0,88,540290,买盘
10:44:18,61.4,0.0,64,392960,卖盘
10:44:22,61.39,-0.01,89,546472,卖盘
10:44:24,61.39,0.0,43,263998,卖盘
10:44:28,61.4,0.01,6,36840,买盘
10:44:31,61.4,0.0,77,472762,卖盘
10:44:33,61.4,0.0,100,613965,买盘
10:44:36,61.39,-0.01,57,349971,卖盘
10:44:40,61.4,0.01,53,325411,买盘
10:44:42,61.39,-0.01,85,521870,卖盘
10:44:46,61.39,0.0,39,239456,卖盘
10:44:48,61.41,0.02,27,165764,买盘
10:44:52,61.4,-0.01,40,245604,卖盘
10:44:55,61.4,0.0,29,178061,卖盘
10:44:58,61.4,0.0,6,36841,卖盘
10:45:00,61.41,0.01,12,73684,买盘
10:45:05,61.41,0.0,65,399152,买盘
10:45:07,61.4,-0.01,24,147367,卖盘
10:45:10,61.4,0.0,63,386823,卖盘
10:45:12,61.4,0.0,93,571038,卖盘
10:45:16,61.4,0.0,67,411393,卖盘
10:45:18,61.4,0.0,31,190340,买盘
10:45:22,61.4,0.0,44,270169,买盘
10:45:24,61.4,0.0,21,128939,买盘
10:45:27,61.4,0.0,20,122799,买盘
10:45:31,61.4,0.0,60,368384,买盘
10:45:33,61.39,-0.01,61,374552,卖盘
10:45:36,61.4,0.01,16,98238,中性盘
10:45:39,61.4,0.0,53,325432,卖盘
10:45:43,61.4,0.0,30,184212,卖盘
10:45:46,61.41,0.01,52,319329,买盘
10:45:48,61.41,0.0,71,436013,买盘
10:45:52,61.42,0.01,113,693932,买盘
10:45:54,61.41,-0.01,91,558835,中性盘
10:45:57,61.41,0.0,28,171946,买盘
10:46:01,61.4,-0.01,240,1473646,卖盘
10:46:05,61.41,0.01,87,534233,买盘
10:46:07,61.41,0.0,4,24562,买盘
10:46:10,61.41,0.0,37,227188,买盘
10:46:12,61.41,0.0,33,202631,买盘
10:46:15,61.41,0.0,40,245615,买盘
10:46:18,61.4,-0.01,51,313177,卖盘
10:46:21,61.41,0.01,39,239499,买盘
10:46:25,61.41,0.0,43,264055,买盘
10:46:27,61.4,-0.01,85,521929,卖盘
10:46:30,61.41,0.01,40,245626,买盘
10:46:33,61.41,0.0,94,577254,买盘
10:46:37,61.4,-0.01,51,313148,卖盘
10:46:39,61.41,0.01,142,871957,买盘
10:46:43,61.41,0.0,205,1258873,买盘
10:46:46,61.41,0.0,34,208795,卖盘
10:46:48,61.42,0.01,83,509736,买盘
10:46:51,61.4,-0.02,82,503548,卖盘
10:46:55,61.41,0.01,30,184245,卖盘
10:46:57,61.41,0.0,63,386887,卖盘
10:47:00,61.41,0.0,32,196509,买盘
10:47:04,61.42,0.01,28,171953,买盘
10:47:07,61.41,-0.01,35,214946,卖盘
10:47:10,61.41,0.0,75,460583,卖盘
10:47:12,61.4,-0.01,23,141241,卖盘
10:47:16,61.41,0.01,59,362309,买盘
10:47:18,61.41,0.0,81,497395,买盘
10:47:21,61.41,0.0,176,1080794,买盘
10:47:25,61.41,0.0,15,92109,买盘
10:47:27,61.41,0.0,49,300909,买盘
10:47:30,61.41,0.0,50,307050,买盘
10:47:34,61.41,0.0,65,399156,买盘
10:47:37,61.4,-0.01,35,214913,卖盘
10:47:39,61.41,0.01,58,356176,买盘
10:47:43,61.41,0.0,99,607953,买盘
10:47:46,61.41,0.0,215,1320316,买盘
10:47:48,61.42,0.01,122,749225,买盘
10:47:51,61.42,0.0,129,792317,买盘
10:47:55,61.42,0.0,222,1363347,买盘
10:47:58,61.42,0.0,44,270235,买盘
10:48:00,61.41,-0.01,89,546603,卖盘
10:48:04,61.42,0.01,46,282505,买盘
10:48:07,61.41,-0.01,62,380761,卖盘
10:48:10,61.43,0.02,606,3721883,买盘
10:48:12,61.41,-0.02,19,116698,中性盘
10:48:15,61.42,0.01,22,135124,卖盘
10:48:19,61.43,0.01,117,718560,买盘
10:48:22,61.43,0.0,73,448420,买盘
10:48:25,61.43,0.0,22,135139,买盘
10:48:27,61.43,0.0,20,122849,买盘
10:48:30,61.42,-0.01,62,380790,卖盘
10:48:34,61.42,0.0,179,1099314,买盘
10:48:37,61.42,0.0,45,276386,买盘
10:48:39,61.42,0.0,96,589623,买盘
10:48:42,61.42,0.0,64,393086,买盘
10:48:46,61.42,0.0,19,116697,买盘
10:48:48,61.43,0.01,154,945907,买盘
10:48:52,61.43,0.0,27,165859,买盘
10:48:55,61.43,0.0,25,153574,买盘
10:48:58,61.43,0.0,22,135134,买盘
10:49:00,61.43,0.0,60,368576,买盘
10:49:04,61.45,0.02,30,182114,买盘
10:49:07,61.44,-0.01,20,122899,卖盘
10:49:09,61.45,0.01,203,1247085,买盘
10:49:12,61.44,-0.01,84,516037,中性盘
10:49:15,61.44,0.0,66,405554,买盘
10:49:19,61.44,0.0,59,362513,买盘
10:49:22,61.44,0.0,36,221180,买盘
10:49:24,61.44,0.0,32,196608,买盘
10:49:27,61.45,0.01,60,368619,买盘
10:49:31,61.45,0.0,5,30724,买盘
10:49:34,61.47,0.02,54,331848,买盘
10:49:37,61.46,-0.01,21,129070,卖盘
10:49:39,61.47,0.01,15,92195,买盘
10:49:42,61.5,0.03,43,264396,买盘
10:49:46,61.48,-0.02,60,368882,卖盘
10:49:49,61.5,0.02,61,375136,买盘
10:49:51,61.46,-0.04,277,1702583,卖盘
10:49:55,61.48,0.02,224,1376919,买盘
10:49:58,61.5,0.02,180,1106912,买盘
10:50:01,61.5,0.0,12,73801,卖盘
10:50:04,61.49,-0.01,170,1045453,卖盘
10:50:07,61.48,-0.01,29,178331,卖盘
10:50:09,61.49,0.01,8,49190,买盘
10:50:13,61.49,0.0,71,436561,买盘
10:50:15,61.49,0.0,38,233699,买盘
10:50:19,61.51,0.02,64,393610,买盘
10:50:21,61.51,0.0,64,393625,买盘
10:50:24,61.49,-0.02,54,332063,卖盘
10:50:27,61.5,0.01,28,172183,中性盘
10:50:31,61.51,0.01,5,30755,买盘
10:50:34,61.5,-0.01,31,190676,卖盘
10:50:36,61.51,0.01,21,129165,买盘
10:50:40,61.5,-0.01,32,196807,卖盘
10:50:43,61.5,0.0,257,1580598,卖盘
10:50:45,61.5,0.0,66,405895,买盘
10:50:48,61.5,0.0,190,1168500,买盘
10:50:51,61.5,0.0,40,246000,买盘
10:50:55,61.5,0.0,33,202946,买盘
10:50:58,61.5,0.0,64,393602,卖盘
10:51:00,61.51,0.01,24,147610,买盘
10:51:04,61.5,-0.01,235,1445116,卖盘
10:51:07,61.5,0.0,56,344398,买盘
10:51:10,61.5,0.0,43,264440,买盘
10:51:12,61.5,0.0,66,405865,买盘
10:51:15,61.49,-0.01,102,627217,卖盘
10:51:19,61.5,0.01,64,393590,买盘
10:51:22,61.5,0.0,88,542890,买盘
10:51:24,61.49,-0.01,40,245978,卖盘
10:51:28,61.5,0.01,34,209094,买盘
10:51:31,61.5,0.0,29,178346,买盘
10:51:34,61.5,0.0,16,98409,卖盘
10:51:37,61.5,0.0,162,996321,卖盘
10:51:39,61.5,0.0,59,362875,买盘
10:51:43,61.51,0.01,69,424354,买盘
10:51:46,61.5,-0.01,1,6150,卖盘
10:51:49,61.5,0.0,121,744172,卖盘
10:51:52,61.5,0.0,70,430500,买盘
10:51:55,61.5,0.0,52,319800,买盘
10:51:57,61.49,-0.01,58,356693,卖盘
10:52:00,61.5,0.01,30,184499,买盘
10:52:04,61.49,-0.01,32,196793,卖盘
10:52:07,61.5,0.01,50,307462,买盘
10:52:10,61.5,0.0,43,264442,买盘
10:52:13,61.5,0.0,600,3688662,买盘
10:52:15,61.48,-0.02,32,196762,卖盘
10:52:18,61.48,0.0,28,172142,买盘
10:52:22,61.48,0.0,60,368870,买盘
10:52:25,61.48,0.0,59,362768,卖盘
10:52:27,61.5,0.02,36,221348,买盘
10:52:31,61.5,0.0,50,307491,买盘
10:52:34,61.49,-0.01,40,245961,卖盘
10:52:36,61.48,-0.01,378,2323066,卖盘
10:52:39,61.45,-0.03,32,196656,卖盘
10:52:42,61.49,0.04,64,393324,买盘
10:52:46,61.49,0.0,66,405667,买盘
10:52:48,61.46,-0.03,44,270487,卖盘
10:52:51,61.49,0.03,40,245819,买盘
10:52:55,61.48,-0.01,32,196692,卖盘
10:52:57,61.48,0.0,20,122957,卖盘
10:53:01,61.49,0.01,10,61481,买盘
10:53:05,61.49,0.0,25,153715,买盘
10:53:07,61.48,-0.01,26,159866,卖盘
10:53:09,61.48,0.0,189,1161920,卖盘
10:53:12,61.48,0.0,53,325798,买盘
10:53:15,61.48,0.0,27,165976,买盘
10:53:18,61.48,0.0,26,159842,买盘
10:53:22,61.48,0.0,30,184408,买盘
10:53:24,61.48,0.0,17,104516,买盘
10:53:28,61.47,-0.01,32,196732,卖盘
10:53:30,61.48,0.01,41,252061,买盘
10:53:34,61.48,0.0,64,393434,买盘
10:53:36,61.47,-0.01,15,92204,买盘
10:53:40,61.47,0.0,8,49174,买盘
10:53:43,61.47,0.0,28,172116,买盘
10:53:46,61.47,0.0,109,669936,买盘
10:53:49,61.46,-0.01,43,264320,卖盘
10:53:52,61.47,0.01,25,153674,买盘
10:53:55,61.46,-0.01,39,239702,卖盘
10:53:57,61.47,0.01,23,141379,买盘
10:54:00,61.46,-0.01,15,92199,卖盘
10:54:05,61.48,0.02,122,749947,买盘
10:54:07,61.47,-0.01,33,202851,卖盘
10:54:10,61.48,0.01,26,159834,买盘
10:54:12,61.47,-0.01,162,995814,卖盘
10:54:16,61.47,0.0,82,504047,买盘
10:54:19,61.47,0.0,51,313489,买盘
10:54:22,61.47,0.0,32,196694,买盘
10:54:25,61.47,0.0,104,639250,买盘
10:54:28,61.47,0.0,18,110641,买盘
10:54:30,61.47,0.0,34,208998,买盘
10:54:33,61.46,-0.01,42,258172,卖盘
10:54:37,61.47,0.01,273,1677892,买盘
10:54:40,61.46,-0.01,64,393361,卖盘
10:54:42,61.47,0.01,34,208998,买盘
10:54:46,61.47,0.0,26,159810,买盘
10:54:48,61.47,0.0,48,295053,买盘
10:54:52,61.46,-0.01,47,288878,卖盘
10:54:55,61.46,0.0,88,540776,卖盘
10:54:58,61.46,0.0,92,565392,买盘
10:55:01,61.46,0.0,48,295008,买盘
10:55:04,61.47,0.01,314,1929684,买盘
10:55:07,61.46,-0.01,6,36874,中性盘
10:55:09,61.47,0.01,5,30732,买盘
10:55:13,61.47,0.0,33,202844,买盘
10:55:15,61.46,-0.01,19,116780,卖盘
10:55:19,61.46,0.0,166,1020236,卖盘
10:55:22,61.46,0.0,46,282711,买盘
10:55:25,61.46,0.0,41,251986,买盘
10:55:27,61.45,-0.01,22,135203,卖盘
10:55:31,61.46,0.01,67,411780,买盘
10:55:33,61.46,0.0,78,479387,买盘
10:55:36,61.46,0.0,63,387189,买盘
10:55:40,61.45,-0.01,33,202809,卖盘
10:55:42,61.45,0.0,24,147491,卖盘
10:55:46,61.45,0.0,12,73745,卖盘
10:55:48,61.46,0.01,26,159795,买盘
10:55:51,61.45,-0.01,57,350298,卖盘
10:55:55,61.46,0.01,129,792743,买盘
10:55:57,61.46,0.0,24,147502,买盘
10:56:01,61.45,-0.01,9,55313,卖盘
10:56:04,61.46,0.01,34,208955,买盘
10:56:07,61.46,0.0,20,122910,买盘
10:56:09,61.46,0.0,62,381039,买盘
10:56:13,61.46,0.0,30,184370,买盘
10:56:15,61.46,0.0,565,3471869,买盘
10:56:19,61.46,0.0,33,202812,买盘
10:56:21,61.46,0.0,36,221255,买盘
10:56:25,61.46,0.0,115,706767,买盘
10:56:28,61.46,0.0,16,98333,买盘
10:56:31,61.46,0.0,21,129053,买盘
10:56:34,61.47,0.01,14,86052,买盘
10:56:37,61.46,-0.01,70,430208,卖盘
10:56:40,61.47,0.01,118,725313,买盘
10:56:43,61.46,-0.01,38,233557,卖盘
10:56:46,61.46,0.0,32,196675,卖盘
10:56:48,61.46,0.0,57,350331,中性盘
10:56:52,61.47,0.01,36,221262,买盘
10:56:54,61.46,-0.01,54,331886,卖盘
10:56:58,61.45,-0.01,162,995503,卖盘
10:57:00,61.45,0.0,139,854067,买盘
10:57:05,61.45,0.0,36,221233,买盘
10:57:07,61.45,0.0,185,1136749,买盘
10:57:09,61.46,0.01,2,12291,买盘
10:57:12,61.45,-0.01,80,491625,卖盘
10:57:15,61.45,0.0,89,546906,卖盘
10:57:18,61.47,0.02,64,393363,买盘
10:57:21,61.47,0.0,7,43026,买盘
10:57:24,61.45,-0.02,74,454787,卖盘
10:57:27,61.47,0.02,57,350379,买盘
10:57:31,61.46,-0.01,71,436430,卖盘
10:57:34,61.47,0.01,21,129067,买盘
10:57:37,61.46,-0.01,3,18438,中性盘
10:57:40,61.47,0.01,13,79903,买盘
10:57:43,61.46,-0.01,111,682235,卖盘
10:57:46,61.47,0.01,114,700676,买盘
10:57:49,61.48,0.01,69,424132,买盘
10:57:51,61.46,-0.02,91,559320,卖盘
10:57:54,61.47,0.01,111,682262,买盘
10:57:58,61.47,0.0,63,387218,买盘
10:58:00,61.47,0.0,57,350329,买盘
10:58:05,61.47,0.0,19,116793,买盘
10:58:06,61.47,0.0,16,98352,买盘
10:58:10,61.47,0.0,30,184401,买盘
10:58:13,61.46,-0.01,202,1241516,卖盘
10:58:16,61.48,0.02,487,2993988,买盘
10:58:18,61.47,-0.01,155,952911,卖盘
10:58:22,61.48,0.01,8,49185,卖盘
10:58:24,61.47,-0.01,140,860608,卖盘
10:58:27,61.47,0.0,35,215153,卖盘
10:58:31,61.48,0.01,66,405704,买盘
10:58:33,61.48,0.0,85,522560,买盘
10:58:37,61.48,0.0,26,159834,买盘
10:58:40,61.48,0.0,112,688508,买盘
10:58:43,61.48,0.0,154,946683,买盘
10:58:45,61.47,-0.01,18,110658,卖盘
10:58:48,61.48,0.01,88,541006,买盘
10:58:52,61.47,-0.01,419,2575908,卖盘
10:58:55,61.47,0.0,46,282762,买盘
10:58:57,61.46,-0.01,93,571593,卖盘
10:59:00,61.46,0.0,185,1137044,卖盘
10:59:04,61.47,0.01,57,350361,买盘
10:59:06,61.45,-0.02,69,424124,卖盘
10:59:10,61.46,0.01,105,645310,买盘
10:59:12,61.45,-0.01,66,405632,卖盘
10:59:16,61.46,0.01,34,208953,买盘
10:59:18,61.46,0.0,26,159790,买盘
10:59:22,61.46,0.0,60,368747,买盘
10:59:25,61.45,-0.01,586,3600950,卖盘
10:59:27,61.45,0.0,36,221220,买盘
10:59:31,61.45,0.0,173,1063032,买盘
10:59:34,61.45,0.0,77,473139,买盘
10:59:37,61.45,0.0,43,264225,买盘
10:59:39,61.45,0.0,53,325667,买盘
10:59:42,61.44,-0.01,40,243988,卖盘
10:59:45,61.44,0.0,218,1339560,买盘
10:59:49,61.45,0.01,30,184334,买盘
10:59:51,61.45,0.0,49,301060,买盘
10:59:55,61.44,-0.01,13,79883,卖盘
10:59:58,61.44,0.0,137,841742,卖盘
11:00:01,61.45,0.01,107,657515,买盘
11:00:04,61.45,0.0,69,423968,买盘
11:00:07,61.45,0.0,35,216819,卖盘
11:00:09,61.46,0.01,15,92190,买盘
11:00:12,61.47,0.01,100,614692,买盘
11:00:16,61.47,0.0,13,81141,卖盘
11:00:18,61.47,0.0,50,307371,卖盘
11:00:21,61.48,0.01,58,356470,中性盘
11:00:24,61.47,-0.01,359,2207143,卖盘
11:00:28,61.46,-0.01,46,282746,卖盘
11:00:31,61.47,0.01,11,67612,买盘
11:00:34,61.46,-0.01,55,338052,卖盘
11:00:37,61.46,0.0,58,356517,卖盘
11:00:40,61.46,0.0,257,1579321,中性盘
11:00:43,61.47,0.01,153,940351,买盘
11:00:46,61.47,0.0,4,24588,买盘
11:00:49,61.46,-0.01,95,583826,卖盘
11:00:52,61.46,0.0,79,485534,买盘
11:00:54,61.44,-0.02,151,927817,卖盘
11:00:58,61.44,0.0,35,215049,买盘
11:01:01,61.44,0.0,89,546883,买盘
11:01:05,61.46,0.02,212,1302869,买盘
11:01:07,61.44,-0.02,24,147470,卖盘
11:01:10,61.45,0.01,61,374887,买盘
11:01:12,61.44,-0.01,46,282647,卖盘
11:01:15,61.44,0.0,47,288846,卖盘
11:01:19,61.43,-0.01,427,2623238,卖盘
11:01:22,61.46,0.03,5,30729,买盘
11:01:25,61.44,-0.02,45,276526,卖盘
11:01:27,61.44,0.0,55,337871,买盘
11:01:31,61.45,0.01,205,1259305,买盘
11:01:33,61.46,0.01,23,141325,买盘
11:01:36,61.44,-0.02,79,485524,卖盘
11:01:40,61.45,0.01,7,43017,中性盘
11:01:43,61.46,0.01,42,258158,买盘
11:01:45,61.46,0.0,7,43022,中性盘
11:01:48,61.47,0.01,53,325779,买盘
11:01:52,61.5,0.03,81,498107,买盘
11:01:54,61.47,-0.03,59,362753,卖盘
11:01:58,61.46,-0.01,51,313460,卖盘
11:02:00,61.47,0.01,7,43036,卖盘
11:02:04,61.47,0.0,57,350452,卖盘
11:02:07,61.47,0.0,2,12295,卖盘
11:02:10,61.47,0.0,57,350405,卖盘
11:02:13,61.49,0.02,33,202893,中性盘
11:02:16,61.47,-0.02,119,731766,卖盘
11:02:18,61.49,0.02,119,731724,买盘
11:02:21,61.48,-0.01,37,227476,买盘
11:02:24,61.48,0.0,67,411866,买盘
11:02:27,61.5,0.02,61,375130,买盘
11:02:30,61.47,-0.03,73,448905,卖盘
11:02:34,61.49,0.02,11,67639,买盘
11:02:36,61.49,0.0,26,159875,买盘
11:02:39,61.48,-0.01,59,362770,卖盘
11:02:42,61.48,0.0,40,245957,卖盘
11:02:46,61.48,0.0,36,221308,买盘
11:02:48,61.48,0.0,30,184439,买盘
11:02:52,61.48,0.0,134,823846,买盘
11:02:54,61.48,0.0,55,338144,卖盘
11:02:58,61.48,0.0,42,258230,卖盘
11:03:00,61.46,-0.02,55,338094,卖盘
11:03:04,61.49,0.03,324,1992147,买盘
11:03:06,61.48,-0.01,5,30742,卖盘
11:03:10,61.49,0.01,59,362744,买盘
11:03:13,61.48,-0.01,73,448801,卖盘
11:03:15,61.48,0.0,31,190562,买盘
11:03:19,61.48,0.0,97,596423,卖盘
11:03:22,61.48,0.0,114,700755,买盘
11:03:24,61.45,-0.03,458,2814568,卖盘
11:03:28,61.45,0.0,89,546901,买盘
11:03:30,61.45,0.0,1,6145,买盘
11:03:34,61.45,0.0,44,270379,买盘
11:03:37,61.45,0.0,90,552975,买盘
11:03:39,61.44,-0.01,31,190482,卖盘
11:03:43,61.45,0.01,224,1376470,买盘
11:03:45,61.45,0.0,46,282657,买盘
11:03:49,61.45,0.0,52,319523,买盘
11:03:52,61.5,0.05,425,2611813,买盘
11:03:55,61.5,0.0,55,337941,买盘
11:03:57,61.49,-0.01,13,79937,卖盘
11:04:01,61.49,0.0,14,86086,卖盘
11:04:04,61.49,0.0,43,264312,买盘
11:04:07,61.46,-0.03,27,165948,卖盘
11:04:09,61.49,0.03,58,356642,买盘
11:04:12,61.46,-0.03,148,909947,卖盘
11:04:15,61.46,0.0,64,393385,卖盘
11:04:19,61.5,0.04,16,98360,买盘
11:04:21,61.5,0.0,10,61499,买盘
11:04:25,61.49,-0.01,7,43045,卖盘
11:04:27,61.49,0.0,44,270552,买盘
11:04:31,61.5,0.01,34,209069,买盘
11:04:33,61.49,-0.01,22,135286,卖盘
11:04:37,61.48,-0.01,49,301306,卖盘
11:04:39,61.48,0.0,25,153691,买盘
11:04:42,61.5,0.02,44,270488,买盘
11:04:46,61.5,0.0,29,178350,买盘
11:04:49,61.49,-0.01,42,258258,买盘
11:04:51,61.49,0.0,78,479573,买盘
11:04:55,61.5,0.01,17,104532,买盘
11:04:58,61.49,-0.01,8,49195,卖盘
11:05:00,61.5,0.01,15,92238,买盘
11:05:04,61.49,-0.01,46,282894,卖盘
11:05:06,61.48,-0.01,130,799283,卖盘
11:05:10,61.49,0.01,31,190608,买盘
11:05:12,61.48,-0.01,23,141415,卖盘
11:05:15,61.49,0.01,5,30744,买盘
11:05:18,61.48,-0.01,51,313566,卖盘
11:05:22,61.47,-0.01,74,454893,卖盘
11:05:25,61.47,0.0,14,86059,卖盘
11:05:27,61.47,0.0,75,461025,买盘
11:05:31,61.48,0.01,32,196709,买盘
11:05:34,61.48,0.0,19,116808,买盘
11:05:36,61.47,-0.01,43,264320,卖盘
11:05:39,61.47,0.0,25,153664,买盘
11:05:42,61.47,0.0,61,374964,买盘
11:05:46,61.47,0.0,46,282733,买盘
11:05:49,61.47,0.0,81,497913,买盘
11:05:51,61.46,-0.01,432,2654980,卖盘
11:05:54,61.48,0.02,68,417936,买盘
11:05:57,61.48,0.0,25,153674,买盘
11:06:00,61.47,-0.01,42,258211,中性盘
11:06:04,61.47,0.0,28,172121,买盘
11:06:07,61.46,-0.01,67,411797,卖盘
11:06:10,61.47,0.01,88,540863,买盘
11:06:12,61.46,-0.01,68,417889,中性盘
11:06:16,61.46,0.0,58,356421,中性盘
11:06:18,61.47,0.01,43,264285,买盘
11:06:22,61.47,0.0,111,682185,买盘
11:06:25,61.47,0.0,117,719082,买盘
11:06:27,61.45,-0.02,6,36872,卖盘
11:06:30,61.47,0.02,5,30732,买盘
11:06:34,61.46,-0.01,32,196672,中性盘
11:06:36,61.46,0.0,34,208966,卖盘
11:06:40,61.46,0.0,30,184380,买盘
11:06:42,61.45,-0.01,52,319572,卖盘
11:06:45,61.46,0.01,3,18438,买盘
11:06:48,61.46,0.0,71,436319,买盘
11:06:52,61.45,-0.01,20,122919,卖盘
11:06:55,61.45,0.0,56,344132,卖盘
11:06:57,61.45,0.0,16,98316,买盘
11:07:00,61.45,0.0,11,67595,买盘
11:07:04,61.45,0.0,57,350238,买盘
11:07:07,61.44,-0.01,60,368689,卖盘
11:07:09,61.45,0.01,22,135176,买盘
11:07:13,61.45,0.0,36,221220,卖盘
11:07:15,61.45,0.0,17,104462,买盘
11:07:18,61.44,-0.01,89,546831,卖盘
11:07:21,61.44,0.0,39,239618,卖盘
11:07:24,61.44,0.0,79,485366,买盘
11:07:27,61.44,0.0,50,307186,买盘
11:07:31,61.44,0.0,23,141312,买盘
11:07:34,61.43,-0.01,47,288752,卖盘
11:07:37,61.44,0.01,95,583770,中性盘
11:07:39,61.44,0.0,51,313387,卖盘
11:07:43,61.45,0.01,77,473120,买盘
11:07:46,61.45,0.0,30,184332,买盘
11:07:49,61.45,0.0,134,823364,买盘
11:07:51,61.45,0.0,52,319536,买盘
11:07:55,61.45,0.0,87,534642,卖盘
11:07:57,61.46,0.01,43,264310,卖盘
11:08:00,61.45,-0.01,73,448663,卖盘
11:08:05,61.47,0.02,66,405636,买盘
11:08:07,61.47,0.0,33,202845,买盘
11:08:10,61.47,0.0,11,67617,买盘
11:08:12,61.48,0.01,10,61475,买盘
11:08:15,61.47,-0.01,55,338085,卖盘
11:08:19,61.49,0.02,58,356541,买盘
11:08:22,61.49,0.0,31,190574,买盘
11:08:24,61.47,-0.02,44,270487,卖盘
11:08:28,61.49,0.02,6,36894,买盘
11:08:30,61.49,0.0,3,18446,买盘
11:08:34,61.49,0.0,29,178319,买盘
11:08:36,61.48,-0.01,88,541110,卖盘
11:08:40,61.49,0.01,35,215211,买盘
11:08:43,61.49,0.0,65,399635,买盘
11:08:45,61.47,-0.02,60,368884,卖盘
11:08:48,61.5,0.03,15,92236,买盘
11:08:51,61.5,0.0,21,129135,买盘
11:08:55,61.5,0.0,32,196798,买盘
11:08:57,61.5,0.0,22,135300,买盘
11:09:01,61.49,-0.01,71,436634,卖盘
11:09:04,61.5,0.01,29,178337,买盘
11:09:07,61.49,-0.01,108,664159,卖盘
11:09:10,61.49,0.0,16,98384,买盘
11:09:12,61.49,0.0,17,104533,买盘
11:09:15,61.49,0.0,72,442781,卖盘
11:09:18,61.48,-0.01,24,147564,卖盘
11:09:21,61.49,0.01,19,116831,买盘
11:09:25,61.5,0.01,7,43045,买盘
11:09:28,61.49,-0.01,32,196788,卖盘
11:09:31,61.49,0.0,34,209066,买盘
11:09:34,61.5,0.01,38,233694,买盘
11:09:36,61.49,-0.01,20,122993,卖盘
11:09:39,61.49,0.0,28,172197,卖盘
11:09:43,61.49,0.0,91,559571,卖盘
11:09:45,61.49,0.0,85,522591,买盘
11:09:49,61.49,0.0,75,461148,买盘
11:09:51,61.5,0.01,26,159878,买盘
11:09:54,61.48,-0.02,60,368939,卖盘
11:09:58,61.5,0.02,24,147573,买盘
11:10:01,61.49,-0.01,31,190620,卖盘
11:10:04,61.5,0.01,55,338202,买盘
11:10:06,61.51,0.01,455,2798305,买盘
11:10:09,61.52,0.01,61,375174,买盘
11:10:13,61.52,0.0,93,572133,买盘
11:10:15,61.52,0.0,106,652021,买盘
11:10:19,61.51,-0.01,90,553592,中性盘
11:10:22,61.52,0.01,26,159950,买盘
11:10:25,61.52,0.0,19,116885,买盘
11:10:28,61.52,0.0,20,123036,买盘
11:10:30,61.51,-0.01,44,270657,卖盘
11:10:34,61.53,0.02,32,196875,买盘
11:10:36,61.52,-0.01,18,110743,卖盘
11:10:39,61.52,0.0,18,110751,卖盘
11:10:43,61.53,0.01,1,6153,买盘
11:10:46,61.54,0.01,56,344575,买盘
11:10:49,61.54,0.0,137,843098,买盘
11:10:52,61.54,0.0,25,153847,买盘
11:10:54,61.53,-0.01,32,196911,卖盘
11:10:58,61.54,0.01,17,102890,卖盘
11:11:00,61.54,0.0,27,166183,卖盘
11:11:04,61.55,0.01,65,400046,买盘
11:11:06,61.55,0.0,92,566150,买盘
11:11:10,61.55,0.0,35,215425,买盘
11:11:13,61.54,-0.01,85,523125,卖盘
11:11:15,61.55,0.01,36,221579,买盘
11:11:18,61.54,-0.01,359,2208996,卖盘
11:11:21,61.54,0.0,120,738480,买盘
11:11:24,61.54,0.0,17,104618,买盘
11:11:28,61.54,0.0,20,123080,买盘
11:11:31,61.54,0.0,40,246152,买盘
11:11:33,61.54,0.0,34,209225,买盘
11:11:37,61.54,0.0,9,55385,卖盘
11:11:40,61.55,0.01,46,283107,买盘
11:11:42,61.55,0.0,80,492325,买盘
11:11:45,61.56,0.01,6,36932,买盘
11:11:48,61.56,0.0,51,313919,买盘
11:11:51,61.57,0.01,27,166234,买盘
11:11:54,61.57,0.0,24,147768,买盘
11:11:58,61.57,0.0,11,67726,买盘
11:12:01,61.57,0.0,26,160066,买盘
11:12:04,61.56,-0.01,48,295534,卖盘
11:12:06,61.57,0.01,118,726521,买盘
11:12:10,61.58,0.01,7,43106,买盘
11:12:13,61.56,-0.02,151,929667,卖盘
11:12:15,61.57,0.01,36,221669,中性盘
11:12:19,61.58,0.01,15,92369,买盘
11:12:21,61.58,0.0,24,147779,买盘
11:12:25,61.58,0.0,44,270952,买盘
11:12:27,61.58,0.0,14,86211,买盘
11:12:31,61.58,0.0,87,535746,买盘
11:12:33,61.58,0.0,16,98530,卖盘
11:12:36,61.58,0.0,5,30790,卖盘
11:12:40,61.59,0.01,113,696067,买盘
11:12:43,61.61,0.02,10,61602,买盘
11:12:46,61.58,-0.03,64,394180,卖盘
11:12:49,61.61,0.03,26,160206,中性盘
11:12:51,61.61,0.0,20,123220,买盘
11:12:55,61.62,0.01,57,351174,买盘
11:12:58,61.6,-0.02,22,135540,卖盘
11:13:01,61.62,0.02,45,277191,买盘
11:13:05,61.62,0.0,21,129382,买盘
11:13:07,61.61,-0.01,28,172522,卖盘
11:13:09,61.61,0.0,67,412812,卖盘
11:13:13,61.62,0.01,28,172523,买盘
11:13:16,61.61,-0.01,61,375858,卖盘
11:13:18,61.62,0.01,54,332747,买盘
11:13:22,61.63,0.01,58,357392,买盘
11:13:24,61.63,0.0,7,43141,买盘
11:13:27,61.63,0.0,2,12326,买盘
11:13:30,61.62,-0.01,6,36976,卖盘
11:13:34,61.62,0.0,166,1022902,卖盘
11:13:36,61.62,0.0,99,610041,中性盘
11:13:40,61.64,0.02,25,154073,买盘
11:13:42,61.64,0.0,14,86285,买盘
11:13:45,61.64,0.0,32,197248,买盘
11:13:49,61.64,0.0,35,215740,买盘
11:13:52,61.64,0.0,20,123279,买盘
11:13:55,61.65,0.01,21,129461,买盘
11:13:57,61.65,0.0,3,18495,买盘
11:14:01,61.65,0.0,72,443821,买盘
11:14:05,61.65,0.0,23,141810,卖盘
11:14:07,61.65,0.0,70,431563,卖盘
11:14:09,61.66,0.01,7,43157,买盘
11:14:12,61.66,0.0,45,277465,买盘
11:14:16,61.65,-0.01,20,123300,卖盘
11:14:19,61.65,0.0,8,49324,卖盘
11:14:21,61.66,0.01,111,684386,买盘
11:14:25,61.67,0.01,4,24667,买盘
11:14:28,61.68,0.01,54,333037,买盘
11:14:30,61.66,-0.02,39,240475,卖盘
11:14:34,61.67,0.01,82,505625,买盘
11:14:37,61.67,0.0,60,370020,买盘
11:14:39,61.68,0.01,24,148016,买盘
11:14:42,61.68,0.0,17,104855,买盘
11:14:46,61.67,-0.01,40,246701,卖盘
11:14:48,61.69,0.02,14,86361,买盘
11:14:52,61.69,0.0,43,265262,买盘
11:14:54,61.68,-0.01,68,419387,卖盘
11:14:57,61.69,0.01,28,172711,买盘
11:15:01,61.68,-0.01,58,357756,卖盘
11:15:05,61.68,0.0,62,382504,买盘
11:15:07,61.69,0.01,26,160910,买盘
11:15:09,61.7,0.01,8,49360,买盘
11:15:13,61.7,0.0,18,111060,买盘
11:15:16,61.7,0.0,2,12339,买盘
11:15:18,61.7,0.0,65,402217,买盘
11:15:22,61.71,0.01,306,1887603,买盘
11:15:24,61.71,0.0,18,111072,买盘
11:15:28,61.7,-0.01,51,314674,卖盘
11:15:31,61.71,0.01,25,154275,买盘
11:15:34,61.7,-0.01,18,111075,卖盘
11:15:37,61.7,0.0,22,135748,卖盘
11:15:40,61.73,0.03,29,178970,买盘
11:15:43,61.72,-0.01,7,43208,中性盘
11:15:46,61.7,-0.02,137,845394,卖盘
11:15:49,61.72,0.02,41,253014,中性盘
11:15:51,61.7,-0.02,86,530729,卖盘
11:15:55,61.72,0.02,106,654054,买盘
11:15:58,61.71,-0.01,127,783830,中性盘
11:16:01,61.71,0.0,43,265381,卖盘
11:16:04,61.72,0.01,18,111111,中性盘
11:16:07,61.74,0.02,13,80250,买盘
11:16:09,61.74,0.0,13,80262,买盘
11:16:12,61.74,0.0,19,117304,买盘
11:16:15,61.74,0.0,39,240786,买盘
11:16:18,61.74,0.0,60,370439,买盘
11:16:22,61.74,0.0,92,567961,买盘
11:16:24,61.74,0.0,34,209913,买盘
11:16:28,61.74,0.0,24,148176,买盘
11:16:31,61.74,0.0,65,401365,卖盘
11:16:34,61.74,0.0,12,74094,卖盘
11:16:37,61.75,0.01,20,123500,卖盘
11:16:40,61.76,0.01,21,129676,买盘
11:16:42,61.76,0.0,24,148215,买盘
11:16:45,61.75,-0.01,83,512548,卖盘
11:16:48,61.8,0.05,618,3818951,买盘
11:16:52,61.78,-0.02,25,154427,买盘
11:16:55,61.79,0.01,9,55600,买盘
11:16:57,61.79,0.0,9,55611,买盘
11:17:00,61.79,0.0,38,234770,买盘
11:17:04,61.78,-0.01,54,333638,卖盘
11:17:07,61.79,0.01,85,525211,买盘
11:17:09,61.78,-0.01,37,228572,买盘
11:17:12,61.79,0.01,80,494176,买盘
11:17:16,61.78,-0.01,8,49424,中性盘
11:17:18,61.78,0.0,103,636330,买盘
11:17:21,61.79,0.01,40,247135,买盘
11:17:24,61.79,0.0,220,1359372,买盘
11:17:27,61.78,-0.01,21,129745,卖盘
11:17:30,61.79,0.01,43,265697,买盘
11:17:34,61.79,0.0,79,488117,买盘
11:17:37,61.79,0.0,49,302740,买盘
11:17:39,61.78,-0.01,66,407760,卖盘
11:17:43,61.79,0.01,40,247142,买盘
11:17:46,61.79,0.0,27,166827,买盘
11:17:49,61.78,-0.01,62,383037,卖盘
11:17:52,61.77,-0.01,39,240941,卖盘
11:17:54,61.78,0.01,53,327434,买盘
11:17:57,61.77,-0.01,64,395364,卖盘
11:18:00,61.77,0.0,235,1451810,卖盘
11:18:05,61.77,0.0,121,747627,卖盘
11:18:07,61.78,0.01,32,197676,中性盘
11:18:09,61.79,0.01,17,105031,买盘
11:18:13,61.78,-0.01,19,117390,卖盘
11:18:15,61.79,0.01,5,30895,买盘
11:18:18,61.79,0.0,23,142107,买盘
11:18:22,61.78,-0.01,50,308919,卖盘
11:18:25,61.78,0.0,59,364515,卖盘
11:18:27,61.78,0.0,107,661145,卖盘
11:18:31,61.79,0.01,65,401617,买盘
11:18:33,61.78,-0.01,10,61788,卖盘
11:18:36,61.78,0.0,1,6178,卖盘
11:18:40,61.8,0.02,150,926856,买盘
11:18:43,61.8,0.0,281,1736563,买盘
11:18:45,61.79,-0.01,42,259483,买盘
11:18:48,61.8,0.01,25,154490,买盘
11:18:52,61.78,-0.02,32,197729,卖盘
11:18:55,61.8,0.02,29,179202,买盘
11:18:58,61.8,0.0,42,259560,买盘
11:19:00,61.78,-0.02,44,271865,卖盘
11:19:04,61.78,0.0,20,123573,卖盘
11:19:07,61.79,0.01,63,389337,卖盘
11:19:09,61.8,0.01,11,67979,买盘
11:19:13,61.79,-0.01,66,407873,卖盘
11:19:16,61.8,0.01,19,117412,买盘
11:19:18,61.8,0.0,26,160678,买盘
11:19:22,61.79,-0.01,86,531464,卖盘
11:19:25,61.8,0.01,25,154498,买盘
11:19:28,61.8,0.0,7,43259,买盘
11:19:30,61.81,0.01,105,648914,买盘
11:19:33,61.82,0.01,35,216371,买盘
11:19:36,61.81,-0.01,2,12364,卖盘
11:19:40,61.83,0.02,19,117461,买盘
11:19:43,61.82,-0.01,19,117466,卖盘
11:19:45,61.83,0.01,23,142206,买盘
11:19:49,61.83,0.0,6,37096,买盘
11:19:52,61.83,0.0,36,222593,卖盘
11:19:55,61.82,-0.01,234,1446759,卖盘
11:19:57,61.84,0.02,69,426609,买盘
11:20:01,61.82,-0.02,32,197883,卖盘
11:20:04,61.85,0.03,103,637075,买盘
11:20:07,61.85,0.0,59,364948,卖盘
11:20:10,61.88,0.03,75,464057,买盘
11:20:13,61.9,0.02,387,2394940,买盘
11:20:16,61.9,0.0,46,284742,买盘
11:20:19,61.87,-0.03,207,1280915,卖盘
11:20:22,61.9,0.03,64,396147,买盘
11:20:25,61.89,-0.01,140,866588,卖盘
11:20:28,61.93,0.04,275,1701991,买盘
11:20:31,61.92,-0.01,75,464482,卖盘
11:20:33,61.9,-0.02,33,204281,卖盘
11:20:36,61.88,-0.02,142,878873,卖盘
11:20:40,61.9,0.02,177,1095621,买盘
11:20:43,61.89,-0.01,66,408485,卖盘
11:20:46,61.88,-0.01,56,346578,中性盘
11:20:48,61.88,0.0,9,55695,买盘
11:20:51,61.89,0.01,57,352720,买盘
11:20:54,61.88,-0.01,26,160887,买盘
11:20:57,61.88,0.0,61,377468,买盘
11:21:01,61.88,0.0,109,674582,买盘
11:21:04,61.87,-0.01,81,501168,卖盘
11:21:07,61.86,-0.01,45,278409,卖盘
11:21:09,61.87,0.01,8,49496,买盘
11:21:13,61.86,-0.01,70,433078,卖盘
11:21:16,61.86,0.0,84,519635,卖盘
11:21:19,61.86,0.0,17,105155,买盘
11:21:22,61.85,-0.01,27,167009,卖盘
11:21:25,61.85,0.0,9,55666,卖盘
11:21:28,61.85,0.0,56,346393,卖盘
11:21:31,61.85,0.0,41,253585,卖盘
11:21:33,61.85,0.0,43,265937,买盘
11:21:37,61.84,-0.01,36,222653,卖盘
11:21:40,61.82,-0.02,104,643134,卖盘
11:21:42,61.84,0.02,12,74218,中性盘
11:21:46,61.84,0.0,18,111282,买盘
11:21:49,61.83,-0.01,7,43281,卖盘
11:21:51,61.82,-0.01,91,562597,卖盘
11:21:55,61.83,0.01,35,216374,买盘
11:21:58,61.83,0.0,35,216405,买盘
11:22:00,61.82,-0.01,5,30912,卖盘
11:22:04,61.83,0.01,69,426623,买盘
11:22:07,61.82,-0.01,17,105095,卖盘
11:22:10,61.82,0.0,5,30910,卖盘
11:22:13,61.82,0.0,57,352384,卖盘
11:22:16,61.82,0.0,75,463669,卖盘
11:22:18,61.82,0.0,13,80366,买盘
11:22:22,61.82,0.0,7,43273,买盘
11:22:24,61.81,-0.01,49,302891,卖盘
11:22:27,61.8,-0.01,80,494440,卖盘
11:22:30,61.82,0.02,63,389367,买盘
11:22:33,61.8,-0.02,80,494419,卖盘
11:22:37,61.8,0.0,65,401701,卖盘
11:22:39,61.81,0.01,22,135981,买盘
11:22:42,61.8,-0.01,47,290460,卖盘
11:22:45,61.8,0.0,41,253395,买盘
11:22:48,61.8,0.0,37,228626,买盘
11:22:51,61.78,-0.02,44,271865,卖盘
11:22:54,61.78,0.0,36,222414,卖盘
11:22:57,61.78,0.0,16,98848,买盘
11:23:01,61.78,0.0,2,12355,买盘
11:23:04,61.78,0.0,28,172971,买盘
11:23:07,61.77,-0.01,29,179135,卖盘
11:23:09,61.76,-0.01,28,172935,卖盘
11:23:12,61.77,0.01,40,247089,买盘
11:23:15,61.76,-0.01,20,123525,卖盘
11:23:18,61.76,0.0,32,197642,卖盘
11:23:22,61.77,0.01,99,611494,卖盘
11:23:24,61.76,-0.01,16,98816,卖盘
11:23:27,61.77,0.01,128,790541,买盘
11:23:31,61.77,0.0,20,120745,买盘
11:23:33,61.76,-0.01,24,148239,卖盘
11:23:36,61.75,-0.01,127,784330,卖盘
11:23:39,61.77,0.02,199,1229185,买盘
11:23:42,61.77,0.0,71,438522,卖盘
11:23:45,61.77,0.0,55,342489,卖盘
11:23:48,61.77,0.0,29,179133,买盘
11:23:51,61.77,0.0,62,380195,买盘
11:23:54,61.77,0.0,83,515476,卖盘
11:23:57,61.75,-0.02,74,454285,卖盘
11:24:00,61.76,0.01,6,37056,中性盘
11:24:04,61.77,0.01,58,355519,买盘
11:24:07,61.77,0.0,22,135895,卖盘
11:24:10,61.77,0.0,16,98833,卖盘
11:24:13,61.78,0.01,21,129735,买盘
11:24:15,61.76,-0.02,129,796758,卖盘
11:24:19,61.78,0.02,41,253243,买盘
11:24:21,61.78,0.0,5,30890,买盘
11:24:24,61.77,-0.01,53,327403,卖盘
11:24:28,61.78,0.01,31,191501,买盘
11:24:31,61.77,-0.01,181,1118186,卖盘
11:24:33,61.78,0.01,113,698119,买盘
11:24:37,61.79,0.01,388,2397470,买盘
11:24:40,61.78,-0.01,90,556214,卖盘
11:24:43,61.79,0.01,30,185359,买盘
11:24:46,61.79,0.0,14,86524,卖盘
11:24:48,61.8,0.01,6,37080,买盘
11:24:51,61.81,0.01,22,135968,买盘
11:24:55,61.8,-0.01,14,86513,中性盘
11:24:58,61.8,0.0,36,222466,买盘
11:25:01,61.79,-0.01,52,321302,卖盘
11:25:04,61.79,0.0,18,111222,买盘
11:25:07,61.78,-0.01,27,166835,卖盘
11:25:09,61.8,0.02,43,265677,买盘
11:25:12,61.79,-0.01,141,871121,卖盘
11:25:16,61.77,-0.02,33,203875,卖盘
11:25:19,61.77,0.0,46,284228,卖盘
11:25:22,61.79,0.02,14,86502,买盘
11:25:24,61.77,-0.02,72,444748,卖盘
11:25:28,61.79,0.02,224,1384064,买盘
11:25:30,61.77,-0.02,94,580670,卖盘
11:25:34,61.77,0.0,90,555884,买盘
11:25:37,61.76,-0.01,112,691725,卖盘
11:25:40,61.76,0.0,29,179086,买盘
11:25:43,61.76,0.0,13,80285,买盘
11:25:46,61.75,-0.01,14,86463,卖盘
11:25:48,61.76,0.01,94,580543,买盘
11:25:51,61.75,-0.01,310,1919904,卖盘
11:25:54,61.75,0.0,94,580450,买盘
11:25:58,61.74,-0.01,2,12348,卖盘
11:26:00,61.77,0.03,32,197598,买盘
11:26:04,61.74,-0.03,15,92620,卖盘
11:26:07,61.73,-0.01,84,518618,卖盘
11:26:10,61.74,0.01,19,117296,买盘
11:26:12,61.74,0.0,17,99954,买盘
11:26:16,61.74,0.0,11,67911,买盘
11:26:19,61.74,0.0,31,191394,买盘
11:26:21,61.72,-0.02,175,1085276,卖盘
11:26:24,61.73,0.01,43,265421,买盘
11:26:27,61.73,0.0,31,191363,买盘
11:26:31,61.72,-0.01,43,265429,卖盘
11:26:33,61.73,0.01,186,1148057,买盘
11:26:37,61.72,-0.01,60,370335,卖盘
11:26:39,61.73,0.01,26,160493,买盘
11:26:42,61.73,0.0,57,351830,买盘
11:26:46,61.72,-0.01,114,703635,卖盘
11:26:49,61.72,0.0,32,197492,买盘
11:26:51,61.72,0.0,125,771328,买盘
11:26:54,61.72,0.0,47,290084,买盘
11:26:57,61.7,-0.02,215,1326572,卖盘
11:27:01,61.7,0.0,152,937634,买盘
11:27:04,61.7,0.0,54,333187,卖盘
11:27:07,61.7,0.0,4,24682,卖盘
11:27:09,61.72,0.02,20,123440,买盘
11:27:13,61.72,0.0,58,357964,买盘
11:27:16,61.71,-0.01,44,271536,卖盘
11:27:18,61.72,0.01,26,160455,买盘
11:27:22,61.71,-0.01,122,752735,卖盘
11:27:24,61.72,0.01,90,555470,买盘
11:27:28,61.72,0.0,26,160424,中性盘
11:27:31,61.71,-0.01,26,160444,卖盘
11:27:34,61.7,-0.01,37,228318,卖盘
11:27:37,61.68,-0.02,3,18509,卖盘
11:27:39,61.67,-0.01,25,154196,卖盘
11:27:43,61.67,0.0,14,86371,卖盘
11:27:46,61.7,0.03,8,49360,买盘
11:27:48,61.63,-0.07,387,2385997,卖盘
11:27:51,61.63,0.0,158,973569,买盘
11:27:55,61.61,-0.02,68,418902,买盘
11:27:57,61.63,0.02,45,274639,买盘
11:28:01,61.61,-0.02,3,18488,卖盘
11:28:04,61.67,0.06,29,178824,买盘
11:28:07,61.63,-0.04,3,18495,卖盘
11:28:09,61.63,0.0,6,36987,卖盘
11:28:12,61.66,0.03,33,203454,买盘
11:28:16,61.64,-0.02,103,634732,中性盘
11:28:19,61.65,0.01,146,899483,中性盘
11:28:22,61.66,0.01,26,160239,买盘
11:28:24,61.64,-0.02,13,80134,卖盘
11:28:28,61.64,0.0,6,36984,买盘
11:28:31,61.64,0.0,35,215737,买盘
11:28:34,61.66,0.02,27,166463,买盘
11:28:37,61.64,-0.02,33,203458,卖盘
11:28:39,61.64,0.0,44,271220,卖盘
11:28:42,61.63,-0.01,83,511604,卖盘
11:28:46,61.63,0.0,123,757732,买盘
11:28:49,61.62,-0.01,24,147905,卖盘
11:28:51,61.63,0.01,52,320476,买盘
11:28:54,61.63,0.0,18,110943,卖盘
11:28:58,61.63,0.0,88,542355,卖盘
11:29:00,61.62,-0.01,27,166379,卖盘
11:29:04,61.63,0.01,83,511519,买盘
11:29:07,61.6,-0.03,726,4471146,卖盘
11:29:10,61.58,-0.02,265,1632089,卖盘
11:29:12,61.58,0.0,97,597380,卖盘
11:29:15,61.6,0.02,12,73933,卖盘
11:29:19,61.61,0.01,27,166299,买盘
11:29:21,61.62,0.01,11,67770,买盘
11:29:25,61.6,-0.02,23,141726,卖盘
11:29:27,61.6,0.0,16,98578,卖盘
11:29:31,61.62,0.02,8,49296,卖盘
11:29:33,61.63,0.01,137,844381,买盘
11:29:37,61.6,-0.03,154,948668,卖盘
11:29:39,61.6,0.0,44,274440,卖盘
11:29:42,61.62,0.02,30,184854,买盘
11:29:45,61.62,0.0,18,110916,买盘
11:29:48,61.63,0.01,2,12326,买盘
11:29:51,61.63,0.0,179,1103246,卖盘
11:29:55,61.61,-0.02,143,881297,卖盘
11:29:57,61.67,0.06,38,234279,买盘
11:30:01,61.67,0.0,1,6167,买盘
13:00:00,61.67,0.0,965,5949677,买盘
13:00:04,61.67,0.0,1924,11864586,卖盘
13:00:07,61.67,0.0,519,3200764,卖盘
13:00:10,61.67,0.0,1125,6937604,卖盘
13:00:13,61.65,-0.02,114,703102,卖盘
13:00:16,61.64,-0.01,211,1295190,卖盘
13:00:19,61.65,0.01,56,350794,买盘
13:00:21,61.64,-0.01,25,154146,卖盘
13:00:24,61.64,0.0,36,221954,卖盘
13:00:28,61.64,0.0,2028,12489717,卖盘
13:00:31,61.64,0.0,60,369844,买盘
13:00:33,61.6,-0.04,68,418997,卖盘
13:00:36,61.6,0.0,62,381923,买盘
13:00:39,61.59,-0.01,55,338755,卖盘
13:00:42,61.57,-0.02,160,985297,卖盘
13:00:46,61.58,0.01,23,141662,卖盘
13:00:49,61.57,-0.01,34,209351,卖盘
13:00:52,61.57,0.0,105,646489,买盘
13:00:54,61.56,-0.01,277,1705524,卖盘
13:00:57,61.58,0.02,51,314073,买盘
13:01:00,61.57,-0.01,170,1046585,卖盘
13:01:05,61.58,0.01,36,221748,卖盘
13:01:07,61.63,0.05,177,1090759,买盘
13:01:10,61.58,-0.05,192,1182495,卖盘
13:01:13,61.58,0.0,171,1053048,买盘
13:01:15,61.63,0.05,79,486738,买盘
13:01:19,61.62,-0.01,30,184838,卖盘
13:01:21,61.59,-0.03,78,480524,卖盘
13:01:25,61.6,0.01,85,523487,买盘
13:01:28,61.58,-0.02,236,1453320,卖盘
13:01:31,61.58,0.0,103,634138,买盘
13:01:34,61.58,0.0,121,745210,买盘
13:01:37,61.58,0.0,177,1089949,卖盘
13:01:40,61.58,0.0,58,357169,买盘
13:01:43,61.58,0.0,102,623072,买盘
13:01:45,61.58,0.0,151,929948,卖盘
13:01:49,61.58,0.0,84,517307,卖盘
13:01:51,61.59,0.01,74,455706,买盘
13:01:54,61.58,-0.01,88,541923,卖盘
13:01:57,61.58,0.0,51,314091,买盘
13:02:00,61.58,0.0,167,1028144,卖盘
13:02:04,61.58,0.0,91,560485,卖盘
13:02:06,61.6,0.02,116,714539,买盘
13:02:10,61.55,-0.05,246,1514787,卖盘
13:02:13,61.59,0.04,32,197097,买盘
13:02:15,61.58,-0.01,43,264801,买盘
13:02:19,61.59,0.01,146,898915,买盘
13:02:21,61.58,-0.01,46,283307,中性盘
13:02:24,61.58,0.0,94,578687,买盘
13:02:28,61.57,-0.01,184,1133055,中性盘
13:02:31,61.56,-0.01,86,529464,中性盘
13:02:33,61.56,0.0,41,252430,卖盘
13:02:36,61.58,0.02,241,1483792,买盘
13:02:40,61.58,0.0,43,264768,卖盘
13:02:42,61.56,-0.02,38,233987,卖盘
13:02:46,61.57,0.01,115,708120,中性盘
13:02:48,61.57,0.0,163,1003320,买盘
13:02:52,61.57,0.0,47,289374,买盘
13:02:54,61.58,0.01,77,474059,买盘
13:02:58,61.57,-0.01,142,874400,卖盘
13:03:00,61.57,0.0,53,326306,买盘
13:03:04,61.57,0.0,37,227823,卖盘
13:03:06,61.57,0.0,124,763441,卖盘
13:03:10,61.58,0.01,16,98563,中性盘
13:03:13,61.62,0.04,34,209393,买盘
13:03:16,61.57,-0.05,20,123120,卖盘
13:03:19,61.57,0.0,50,307851,买盘
13:03:21,61.56,-0.01,425,2615094,卖盘
13:03:25,61.56,0.0,24,147746,卖盘
13:03:27,61.55,-0.01,164,1009530,卖盘
13:03:30,61.56,0.01,53,326190,买盘
13:03:34,61.55,-0.01,39,240078,卖盘
13:03:37,61.55,0.0,24,147734,卖盘
13:03:40,61.58,0.03,173,1064870,买盘
13:03:43,61.57,-0.01,51,313988,卖盘
13:03:46,61.58,0.01,45,277086,买盘
13:03:49,61.57,-0.01,13,80037,买盘
13:03:52,61.57,0.0,49,301701,买盘
13:03:54,61.53,-0.04,106,652336,卖盘
13:03:57,61.53,0.0,119,732188,买盘
13:04:00,61.55,0.02,46,283089,买盘
13:04:04,61.53,-0.02,32,196900,卖盘
13:04:07,61.55,0.02,208,1279715,中性盘
13:04:10,61.53,-0.02,15,92303,卖盘
13:04:13,61.55,0.02,183,1129741,买盘
13:04:16,61.53,-0.02,33,203055,卖盘
13:04:19,61.54,0.01,3,18461,中性盘
13:04:21,61.53,-0.01,88,541600,卖盘
13:04:24,61.53,0.0,210,1292261,卖盘
13:04:27,61.51,-0.02,63,384229,卖盘
13:04:31,61.52,0.01,46,282993,买盘
13:04:34,61.54,0.02,84,516805,买盘
13:04:36,61.52,-0.02,61,375280,卖盘
13:04:40,61.54,0.02,197,1211835,买盘
13:04:43,61.52,-0.02,47,289162,中性盘
13:04:46,61.51,-0.01,146,901800,卖盘
13:04:48,61.5,-0.01,2487,15291816,卖盘
13:04:51,61.5,0.0,164,1008479,买盘
13:04:54,61.48,-0.02,328,2020641,卖盘
13:04:58,61.5,0.02,9,54143,中性盘
13:05:00,61.54,0.04,141,867457,买盘
13:05:04,61.55,0.01,146,898460,买盘
13:05:07,61.5,-0.05,158,971982,卖盘
13:05:09,61.53,0.03,13,79965,买盘
13:05:13,61.53,0.0,42,258447,买盘
13:05:16,61.54,0.01,120,738581,中性盘
13:05:19,61.52,-0.02,281,1728436,卖盘
13:05:22,61.53,0.01,59,363077,卖盘
13:05:24,61.54,0.01,45,276889,买盘
13:05:27,61.54,0.0,35,215410,卖盘
13:05:31,61.55,0.01,126,775372,买盘
13:05:33,61.56,0.01,42,258504,买盘
13:05:37,61.55,-0.01,1038,6382805,卖盘
13:05:39,61.56,0.01,23,141574,买盘
13:05:43,61.55,-0.01,105,646311,卖盘
13:05:45,61.56,0.01,70,430949,卖盘
13:05:49,61.57,0.01,36,221630,买盘
13:05:51,61.57,0.0,88,541806,买盘
13:05:55,61.57,0.0,130,800385,买盘
13:05:58,61.57,0.0,171,1052892,买盘
13:06:01,61.62,0.05,89,548266,买盘
13:06:04,61.62,0.0,17,104706,买盘
13:06:07,61.57,-0.05,203,1250090,卖盘
13:06:10,61.62,0.05,54,332693,卖盘
13:06:13,61.57,-0.05,28,172465,卖盘
13:06:16,61.57,0.0,58,357221,卖盘
13:06:19,61.62,0.05,113,693330,买盘
13:06:22,61.62,0.0,34,209513,卖盘
13:06:25,61.62,0.0,23,141745,卖盘
13:06:28,61.62,0.0,22,135579,卖盘
13:06:30,61.58,-0.04,115,708577,卖盘
13:06:34,61.57,-0.01,181,1114544,卖盘
13:06:37,61.61,0.04,28,172555,卖盘
13:06:40,61.6,-0.01,10,61611,卖盘
13:06:43,61.6,0.0,46,283334,买盘
13:06:46,61.63,0.03,38,234152,买盘
13:06:49,61.64,0.01,34,209567,买盘
13:06:51,61.64,0.0,32,197241,买盘
13:06:54,61.62,-0.02,546,3364829,卖盘
13:06:58,61.63,0.01,38,234270,卖盘
13:07:01,61.61,-0.02,47,289582,卖盘
13:07:04,61.62,0.01,52,320434,卖盘
13:07:07,61.62,0.0,34,209523,买盘
13:07:10,61.62,0.0,8,49296,卖盘
13:07:12,61.62,0.0,32,197192,买盘
13:07:16,61.64,0.02,72,443700,买盘
13:07:19,61.62,-0.02,49,302007,卖盘
13:07:22,61.65,0.03,18,110939,买盘
13:07:24,61.65,0.0,9,56580,买盘
13:07:28,61.58,-0.07,949,5845031,买盘
13:07:31,61.59,0.01,153,944586,买盘
13:07:33,61.58,-0.01,25,153999,卖盘
13:07:36,61.64,0.06,126,775858,买盘
13:07:40,61.64,0.0,71,437499,买盘
13:07:42,61.59,-0.05,56,344865,买盘
13:07:45,61.58,-0.01,4,24638,卖盘
13:07:49,61.58,0.0,198,1219785,卖盘
13:07:52,61.58,0.0,204,1255904,中性盘
13:07:54,61.58,0.0,75,461829,买盘
13:07:58,61.58,0.0,54,332546,卖盘
13:08:00,61.58,0.0,72,443350,买盘
13:08:05,61.58,0.0,63,387880,买盘
13:08:07,61.56,-0.02,127,781734,卖盘
13:08:10,61.57,0.01,33,202526,买盘
13:08:13,61.57,0.0,15,92355,买盘
13:08:16,61.57,0.0,11,67724,买盘
13:08:19,61.57,0.0,23,145058,买盘
13:08:21,61.56,-0.01,41,248965,卖盘
13:08:25,61.56,0.0,219,1348283,买盘
13:08:28,61.56,0.0,37,227769,买盘
13:08:31,61.57,0.01,212,1308276,买盘
13:08:33,61.56,-0.01,243,1495362,卖盘
13:08:36,61.55,-0.01,32,193544,卖盘
13:08:39,61.56,0.01,18,110803,买盘
13:08:42,61.51,-0.05,188,1157778,卖盘
13:08:45,61.51,0.0,177,1091062,买盘
13:08:49,61.51,0.0,84,517030,中性盘
13:08:51,61.5,-0.01,160,984245,卖盘
13:08:55,61.51,0.01,45,276784,中性盘
13:08:57,61.51,0.0,17,104621,卖盘
13:09:00,61.55,0.04,16,98438,买盘
13:09:04,61.54,-0.01,43,264589,买盘
13:09:07,61.51,-0.03,36,221467,卖盘
13:09:10,61.54,0.03,108,664745,买盘
13:09:13,61.54,0.0,37,227680,买盘
13:09:15,61.54,0.0,117,719800,买盘
13:09:18,61.54,0.0,12,73844,买盘
13:09:22,61.54,0.0,14,86151,买盘
13:09:24,61.54,0.0,25,153841,买盘
13:09:28,61.54,0.0,58,356938,买盘
13:09:31,61.53,-0.01,121,744435,卖盘
13:09:34,61.53,0.0,19,116906,买盘
13:09:37,61.53,0.0,13,79988,买盘
13:09:39,61.53,0.0,67,412208,买盘
13:09:42,61.53,0.0,103,633734,买盘
13:09:45,61.52,-0.01,242,1488576,卖盘
13:09:49,61.52,0.0,24,147638,买盘
13:09:51,61.52,0.0,68,418655,买盘
13:09:55,61.53,0.01,154,947334,中性盘
13:09:57,61.54,0.01,137,842968,买盘
13:10:01,61.53,-0.01,54,332300,卖盘
13:10:05,61.54,0.01,266,1636957,买盘
13:10:07,61.54,0.0,41,252295,卖盘
13:10:10,61.54,0.0,27,166160,卖盘
13:10:12,61.53,-0.01,142,873762,卖盘
13:10:15,61.54,0.01,13,80001,中性盘
13:10:19,61.54,0.0,29,174772,买盘
13:10:21,61.55,0.01,420,2583257,买盘
13:10:25,61.55,0.0,227,1396674,买盘
13:10:28,61.55,0.0,45,276838,买盘
13:10:30,61.54,-0.01,40,246111,买盘
13:10:33,61.53,-0.01,16,98456,卖盘
13:10:37,61.52,-0.01,34,209193,卖盘
13:10:40,61.53,0.01,10,61525,买盘
13:10:43,61.51,-0.02,558,3432063,卖盘
13:10:45,61.53,0.02,49,301424,买盘
13:10:48,61.5,-0.03,248,1525304,卖盘
13:10:51,61.53,0.03,180,1107159,买盘
13:10:54,61.51,-0.02,28,172237,卖盘
13:10:57,61.51,0.0,49,301425,卖盘
13:11:00,61.51,0.0,203,1248563,卖盘
13:11:04,61.5,-0.01,214,1316289,卖盘
13:11:07,61.53,0.03,171,1051868,买盘
13:11:10,61.51,-0.02,27,166095,卖盘
13:11:13,61.51,0.0,30,184532,买盘
13:11:15,61.51,0.0,40,246040,卖盘
13:11:18,61.51,0.0,111,682763,卖盘
13:11:22,61.53,0.02,36,221466,买盘
13:11:24,61.5,-0.03,199,1223892,卖盘
13:11:28,61.51,0.01,79,485943,买盘
13:11:31,61.52,0.01,150,922555,买盘
13:11:33,61.52,0.0,20,123017,买盘
13:11:37,61.51,-0.01,55,338356,卖盘
13:11:40,61.51,0.0,35,215302,卖盘
13:11:43,61.52,0.01,277,1705668,买盘
13:11:46,61.51,-0.01,11,65817,卖盘
13:11:48,61.51,0.0,100,615070,卖盘
13:11:52,61.51,0.0,69,424401,买盘
13:11:54,61.5,-0.01,381,2344624,卖盘
13:11:58,61.5,0.0,85,522755,买盘
13:12:00,61.5,0.0,568,3492339,买盘
13:12:04,61.5,0.0,185,1137589,买盘
13:12:07,61.49,-0.01,55,338181,中性盘
13:12:09,61.49,0.0,169,1038849,卖盘
13:12:13,61.48,-0.01,34,209058,卖盘
13:12:16,61.49,0.01,17,104528,买盘
13:12:19,61.46,-0.03,157,965091,卖盘
13:12:22,61.48,0.02,32,196738,中性盘
13:12:24,61.48,0.0,28,172144,买盘
13:12:27,61.46,-0.02,429,2637390,卖盘
13:12:31,61.5,0.04,72,442773,买盘
13:12:34,61.46,-0.04,137,841257,卖盘
13:12:36,61.49,0.03,220,1352336,卖盘
13:12:39,61.49,0.0,40,245961,买盘
13:12:43,61.49,0.0,234,1438316,买盘
13:12:46,61.5,0.01,96,590400,买盘
13:12:48,61.48,-0.02,145,891767,卖盘
13:12:52,61.49,0.01,168,1032736,买盘
13:12:55,61.5,0.01,404,2484630,买盘
13:12:57,61.5,0.0,96,590536,卖盘
13:13:01,61.5,0.0,117,719746,卖盘
13:13:04,61.45,-0.05,362,2225564,卖盘
13:13:07,61.5,0.05,136,836414,中性盘
13:13:10,61.53,0.03,20,123079,中性盘
13:13:13,61.53,0.0,86,529207,卖盘
13:13:15,61.55,0.02,38,233891,买盘
13:13:18,61.52,-0.03,366,2252440,卖盘
13:13:22,61.52,0.0,295,1815017,买盘
13:13:24,61.5,-0.02,474,2915709,卖盘
13:13:27,61.55,0.05,45,276932,买盘
13:13:30,61.55,0.0,91,560095,买盘
13:13:33,61.5,-0.05,341,2097518,卖盘
13:13:36,61.5,0.0,125,768767,买盘
13:13:39,61.5,0.0,98,602946,卖盘
13:13:43,61.5,0.0,158,971858,卖盘
13:13:45,61.5,0.0,50,307592,卖盘
13:13:48,61.5,0.0,46,282966,卖盘
13:13:52,61.55,0.05,20,123112,中性盘
13:13:54,61.51,-0.04,40,246056,卖盘
13:13:58,61.57,0.06,9,55407,中性盘
13:14:01,61.49,-0.08,220,1353085,卖盘
13:14:04,61.58,0.09,43,264793,买盘
13:14:07,61.58,0.0,32,197057,卖盘
13:14:10,61.58,0.0,278,1710440,卖盘
13:14:13,61.57,-0.01,23,141624,卖盘
13:14:15,61.51,-0.06,65,400310,卖盘
13:14:19,61.58,0.07,165,1015007,中性盘
13:14:22,61.5,-0.08,31,190770,卖盘
13:14:24,61.5,0.0,160,983708,卖盘
13:14:28,61.5,0.0,128,787755,买盘
13:14:30,61.5,0.0,68,418249,买盘
13:14:33,61.51,0.01,15,92259,买盘
13:14:37,61.5,-0.01,130,799503,卖盘
13:14:40,61.51,0.01,7,43055,卖盘
13:14:43,61.51,0.0,87,535142,卖盘
13:14:46,61.51,0.0,37,227570,买盘
13:14:49,61.5,-0.01,127,781073,卖盘
13:14:52,61.51,0.01,45,276793,买盘
13:14:54,61.49,-0.02,250,1537445,卖盘
13:14:57,61.55,0.06,204,1254509,买盘
13:15:01,61.51,-0.04,20,123020,卖盘
13:15:05,61.5,-0.01,77,473677,卖盘
13:15:07,61.51,0.01,161,990095,中性盘
13:15:10,61.55,0.04,39,240021,买盘
13:15:13,61.55,0.0,33,203079,买盘
13:15:15,61.52,-0.03,16,98444,卖盘
13:15:19,61.55,0.03,8,49228,买盘
13:15:22,61.51,-0.04,157,965977,卖盘
13:15:24,61.52,0.01,28,172286,卖盘
13:15:27,61.53,0.01,117,719868,买盘
13:15:31,61.55,0.02,70,430834,买盘
13:15:34,61.55,0.0,196,1205882,买盘
13:15:37,61.53,-0.02,21,129215,买盘
13:15:40,61.55,0.02,154,947858,买盘
13:15:42,61.57,0.02,59,363210,买盘
13:15:46,61.56,-0.01,25,153909,卖盘
13:15:48,61.57,0.01,39,240088,中性盘
13:15:51,61.59,0.02,71,437209,买盘
13:15:54,61.59,0.0,20,123183,卖盘
13:15:58,61.58,-0.01,237,1459776,卖盘
13:16:00,61.6,0.02,70,431147,买盘
13:16:04,61.6,0.0,12,73916,买盘
13:16:07,61.58,-0.02,167,1028595,卖盘
13:16:10,61.59,0.01,144,886774,中性盘
13:16:12,61.6,0.01,25,154000,卖盘
13:16:15,61.61,0.01,82,505162,买盘
13:16:19,61.61,0.0,202,1244386,买盘
13:16:22,61.61,0.0,92,566778,买盘
13:16:25,61.62,0.01,144,887141,买盘
13:16:27,61.62,0.0,344,2119651,卖盘
13:16:31,61.59,-0.03,154,948802,卖盘
13:16:33,61.61,0.02,65,400437,买盘
13:16:37,61.59,-0.02,46,283415,卖盘
13:16:39,61.59,0.0,223,1373583,卖盘
13:16:43,61.63,0.04,95,585400,买盘
13:16:45,61.62,-0.01,151,930284,中性盘
13:16:49,61.61,-0.01,439,2705150,中性盘
13:16:52,61.6,-0.01,319,1965139,卖盘
13:16:54,61.63,0.03,85,523702,买盘
13:16:57,61.63,0.0,268,1651599,买盘
13:17:00,61.63,0.0,33,203317,买盘
13:17:05,61.62,-0.01,19,117090,中性盘
13:17:07,61.62,0.0,68,419082,卖盘
13:17:10,61.63,0.01,36,221862,买盘
13:17:13,61.63,0.0,37,228033,中性盘
13:17:16,61.63,0.0,67,412880,买盘
13:17:19,61.63,0.0,50,308126,买盘
13:17:21,61.6,-0.03,213,1312447,卖盘
13:17:24,61.63,0.03,42,258845,中性盘
13:17:28,61.64,0.01,59,363670,买盘
13:17:31,61.63,-0.01,244,1503567,卖盘
13:17:33,61.62,-0.01,86,529950,中性盘
13:17:37,61.59,-0.03,326,2008204,卖盘
13:17:40,61.6,0.01,58,357327,买盘
13:17:42,61.62,0.02,103,634465,买盘
13:17:45,61.6,-0.02,146,899267,中性盘
13:17:49,61.62,0.02,34,209481,买盘
13:17:51,61.61,-0.01,34,209468,买盘
13:17:55,61.61,0.0,49,301890,买盘
13:17:57,61.61,0.0,74,455926,卖盘
13:18:01,61.61,0.0,16,98577,卖盘
13:18:04,61.61,0.0,183,1127498,卖盘
13:18:07,61.62,0.01,51,314226,买盘
13:18:10,61.62,0.0,18,110929,卖盘
13:18:13,61.63,0.01,29,178718,买盘
13:18:15,61.62,-0.01,169,1041381,卖盘
13:18:19,61.63,0.01,201,1238385,买盘
13:18:22,61.63,0.0,44,271123,买盘
13:18:25,61.62,-0.01,22,135563,买盘
13:18:27,61.62,0.0,48,295761,买盘
13:18:30,61.62,0.0,49,301916,买盘
13:18:34,61.62,0.0,21,129396,买盘
13:18:36,61.6,-0.02,120,739190,卖盘
13:18:39,61.6,0.0,71,437420,卖盘
13:18:43,61.61,0.01,35,215619,买盘
13:18:45,61.61,0.0,43,264916,买盘
13:18:49,61.61,0.0,22,135533,买盘
13:18:52,61.62,0.01,42,258763,买盘
13:18:55,61.59,-0.03,152,936319,卖盘
13:18:58,61.62,0.03,27,166341,买盘
13:19:01,61.65,0.03,310,1910279,买盘
13:19:05,61.61,-0.04,28,172576,卖盘
13:19:06,61.62,0.01,56,345069,卖盘
13:19:10,61.64,0.02,102,627567,买盘
13:19:13,61.68,0.04,16,98681,买盘
13:19:15,61.61,-0.07,134,825981,卖盘
13:19:19,61.64,0.03,49,302144,卖盘
13:19:22,61.64,0.0,58,357406,买盘
13:19:24,61.62,-0.02,34,209547,中性盘
13:19:28,61.62,0.0,13,80133,卖盘
13:19:31,61.65,0.03,1,6165,买盘
13:19:33,61.64,-0.01,28,172596,卖盘
13:19:37,61.64,0.0,235,1447835,买盘
13:19:40,61.64,0.0,64,394363,买盘
13:19:43,61.62,-0.02,36,221827,买盘
13:19:45,61.63,0.01,8,49293,买盘
13:19:48,61.63,0.0,6,36978,买盘
13:19:52,61.62,-0.01,26,160236,卖盘
13:19:55,61.63,0.01,29,178749,中性盘
13:19:58,61.63,0.0,150,924337,中性盘
13:20:01,61.63,0.0,29,178719,中性盘
13:20:04,61.64,0.01,92,567080,买盘
13:20:07,61.66,0.02,454,2799315,买盘
13:20:10,61.65,-0.01,99,610407,卖盘
13:20:13,61.65,0.0,76,468638,卖盘
13:20:15,61.66,0.01,60,369956,买盘
13:20:19,61.69,0.03,97,598308,买盘
13:20:21,61.68,-0.01,64,394800,卖盘
13:20:25,61.68,0.0,54,333073,买盘
13:20:28,61.69,0.01,73,450373,买盘
13:20:30,61.69,0.0,203,1252341,中性盘
13:20:34,61.68,-0.01,37,229423,中性盘
13:20:37,61.64,-0.04,169,1041931,卖盘
13:20:39,61.75,0.11,30,185026,买盘
13:20:43,61.68,-0.07,23,141856,买盘
13:20:45,61.69,0.01,26,160374,买盘
13:20:48,61.7,0.01,17,104880,买盘
13:20:52,61.7,0.0,119,734042,买盘
13:20:55,61.69,-0.01,65,401045,卖盘
13:20:58,61.75,0.06,88,543244,买盘
13:21:00,61.7,-0.05,184,1135698,卖盘
13:21:04,61.76,0.06,81,500197,买盘
13:21:07,61.75,-0.01,21,129693,卖盘
13:21:10,61.76,0.01,57,352723,中性盘
13:21:12,61.76,0.0,25,154425,买盘
13:21:15,61.78,0.02,12,74144,中性盘
13:21:19,61.75,-0.03,155,956925,卖盘
13:21:22,61.79,0.04,131,808444,买盘
13:21:24,61.77,-0.02,14,86445,中性盘
13:21:28,61.79,0.02,173,1067804,买盘
13:21:31,61.71,-0.08,30,185233,中性盘
13:21:33,61.78,0.07,122,753269,买盘
13:21:37,61.78,0.0,53,327434,卖盘
13:21:39,61.78,0.0,10,61758,买盘
13:21:43,61.78,0.0,250,1542995,买盘
13:21:45,61.77,-0.01,3,18530,中性盘
13:21:48,61.75,-0.02,40,247021,卖盘
13:21:51,61.76,0.01,19,117344,买盘
13:21:55,61.69,-0.07,132,814800,卖盘
13:21:57,61.76,0.07,23,140446,中性盘
13:22:01,61.76,0.0,133,820777,卖盘
13:22:05,61.76,0.0,43,265553,买盘
13:22:07,61.76,0.0,141,870913,买盘
13:22:10,61.75,-0.01,68,419955,卖盘
13:22:13,61.75,0.0,57,352008,买盘
13:22:15,61.75,0.0,48,296385,买盘
13:22:18,61.75,0.0,10,61752,卖盘
13:22:22,61.76,0.01,158,975336,买盘
13:22:25,61.76,0.0,73,450789,买盘
13:22:27,61.76,0.0,20,123495,买盘
13:22:30,61.76,0.0,59,364348,买盘
13:22:34,61.7,-0.06,528,3259821,卖盘
13:22:36,61.68,-0.02,157,968555,卖盘
13:22:40,61.7,0.02,218,1344851,买盘
13:22:43,61.67,-0.03,60,369395,卖盘
13:22:45,61.66,-0.01,152,937531,卖盘
13:22:48,61.67,0.01,141,869348,买盘
13:22:51,61.66,-0.01,59,363797,中性盘
13:22:55,61.65,-0.01,20,123297,卖盘
13:22:58,61.66,0.01,68,419225,买盘
13:23:01,61.66,0.0,68,419256,买盘
13:23:04,61.66,0.0,59,363798,买盘
13:23:07,61.65,-0.01,29,178793,卖盘
13:23:10,61.66,0.01,29,178794,买盘
13:23:13,61.66,0.0,36,221967,买盘
13:23:16,61.66,0.0,456,2810110,买盘
13:23:19,61.64,-0.02,53,326724,卖盘
13:23:21,61.66,0.02,131,808920,买盘
13:23:25,61.66,0.0,84,517876,卖盘
13:23:27,61.63,-0.03,222,1368569,卖盘
13:23:31,61.66,0.03,139,856869,中性盘
13:23:34,61.66,0.0,64,394639,买盘
13:23:36,61.65,-0.01,37,228136,卖盘
13:23:40,61.61,-0.04,392,2416712,卖盘
13:23:43,61.67,0.06,109,671822,买盘
13:23:46,61.63,-0.04,30,184957,卖盘
13:23:49,61.66,0.03,6,36996,卖盘
13:23:51,61.67,0.01,33,203507,买盘
13:23:54,61.66,-0.01,201,1238661,卖盘
13:23:57,61.65,-0.01,75,462529,中性盘
13:24:00,61.63,-0.02,81,499284,卖盘
13:24:04,61.66,0.03,24,147997,买盘
13:24:07,61.63,-0.03,129,794873,卖盘
13:24:10,61.63,0.0,29,178755,卖盘
13:24:13,61.64,0.01,25,154091,中性盘
13:24:15,61.65,0.01,32,197254,买盘
13:24:19,61.63,-0.02,247,1521897,卖盘
13:24:22,61.61,-0.02,59,363577,卖盘
13:24:24,61.63,0.02,83,511556,买盘
13:24:28,61.62,-0.01,11,67784,卖盘
13:24:30,61.64,0.02,11,67801,买盘
13:24:33,61.65,0.01,185,1140507,买盘
13:24:37,61.66,0.01,335,2065774,买盘
13:24:40,61.66,0.0,47,289814,卖盘
13:24:42,61.66,0.0,320,1972800,卖盘
13:24:46,61.66,0.0,73,447950,买盘
13:24:49,61.66,0.0,18,110987,卖盘
13:24:52,61.67,0.01,26,160388,中性盘
13:24:54,61.64,-0.03,59,363781,卖盘
13:24:57,61.64,0.0,57,351471,买盘
13:25:01,61.65,0.01,17,104808,中性盘
13:25:05,61.65,0.0,161,992243,买盘
13:25:07,61.65,0.0,175,1078875,买盘
13:25:10,61.65,0.0,51,314442,卖盘
13:25:13,61.66,0.01,14,86323,买盘
13:25:16,61.66,0.0,38,234302,买盘
13:25:19,61.61,-0.05,321,1980535,卖盘
13:25:22,61.61,0.0,60,369644,卖盘
13:25:24,61.65,0.04,16,98599,买盘
13:25:27,61.61,-0.04,53,326577,卖盘
13:25:31,61.61,0.0,107,659246,买盘
13:25:34,61.65,0.04,260,1601911,买盘
13:25:36,61.65,0.0,206,1272454,买盘
13:25:40,61.64,-0.01,31,187100,卖盘
13:25:43,61.63,-0.01,34,209553,中性盘
13:25:46,61.62,-0.01,51,314322,卖盘
13:25:49,61.62,0.0,202,1245068,卖盘
13:25:52,61.61,-0.01,219,1349420,卖盘
13:25:55,61.62,0.01,539,3320523,卖盘
13:25:58,61.63,0.01,44,271133,买盘
13:26:01,61.62,-0.01,107,659341,中性盘
13:26:04,61.62,0.0,41,252579,买盘
13:26:06,61.6,-0.02,53,328107,卖盘
13:26:10,61.6,0.0,31,190982,卖盘
13:26:13,61.6,0.0,334,2057861,卖盘
13:26:16,61.63,0.03,230,1416784,买盘
13:26:19,61.65,0.02,92,567150,买盘
13:26:22,61.65,0.0,21,129450,买盘
13:26:25,61.64,-0.01,23,141783,卖盘
13:26:27,61.59,-0.05,225,1386356,卖盘
13:26:31,61.63,0.04,71,437531,买盘
13:26:33,61.63,0.0,58,357267,买盘
13:26:37,61.6,-0.03,12,73913,中性盘
13:26:39,61.6,0.0,48,295737,卖盘
13:26:43,61.6,0.0,228,1404314,卖盘
13:26:45,61.59,-0.01,56,344904,买盘
13:26:49,61.59,0.0,375,2309376,买盘
13:26:51,61.59,0.0,74,455763,买盘
13:26:55,61.59,0.0,177,1090033,买盘
13:26:57,61.58,-0.01,22,135474,卖盘
13:27:01,61.58,0.0,32,197056,买盘
13:27:04,61.58,0.0,53,326383,买盘
13:27:07,61.58,0.0,260,1601129,买盘
13:27:09,61.59,0.01,321,1976807,买盘
13:27:13,61.6,0.01,152,936320,买盘
13:27:16,61.59,-0.01,62,381889,卖盘
13:27:18,61.59,0.0,10,61595,卖盘
13:27:22,61.59,0.0,89,548156,卖盘
13:27:25,61.63,0.04,54,332766,买盘
13:27:28,61.6,-0.03,103,634524,卖盘
13:27:31,61.62,0.02,264,1626260,中性盘
13:27:34,61.6,-0.02,38,234096,卖盘
13:27:36,61.59,-0.01,44,271070,卖盘
13:27:39,61.6,0.01,157,967264,买盘
13:27:42,61.6,0.0,26,160170,卖盘
13:27:45,61.6,0.0,122,751517,卖盘
13:27:49,61.58,-0.02,246,1515217,卖盘
13:27:52,61.62,0.04,371,2285672,买盘
13:27:55,61.59,-0.03,326,2007646,卖盘
13:27:58,61.58,-0.01,46,283327,中性盘
13:28:00,61.6,0.02,70,432249,买盘
13:28:04,61.62,0.02,236,1454175,买盘
13:28:07,61.62,0.0,206,1270677,卖盘
13:28:09,61.58,-0.04,259,1595586,卖盘
13:28:12,61.62,0.04,90,554507,中性盘
13:28:16,61.62,0.0,19,117081,卖盘
13:28:19,61.62,0.0,105,647073,卖盘
13:28:21,61.62,0.0,41,252607,买盘
13:28:25,61.59,-0.03,49,301893,卖盘
13:28:27,61.62,0.03,62,381991,买盘
13:28:30,61.61,-0.01,124,763675,中性盘
13:28:34,61.62,0.01,39,240290,买盘
13:28:37,61.6,-0.02,13,80099,卖盘
13:28:39,61.62,0.02,85,523739,买盘
13:28:42,61.59,-0.03,216,1330610,卖盘
13:28:46,61.59,0.0,64,394178,卖盘
13:28:49,61.61,0.02,109,671301,买盘
13:28:52,61.59,-0.02,71,437325,卖盘
13:28:55,61.61,0.02,16,98576,买盘
13:28:57,61.6,-0.01,315,1940029,卖盘
13:29:01,61.61,0.01,219,1348643,买盘
13:29:04,61.57,-0.04,55,337719,卖盘
13:29:07,61.59,0.02,38,234010,卖盘
13:29:09,61.57,-0.02,44,270983,卖盘
13:29:13,61.58,0.01,111,683506,卖盘
13:29:16,61.59,0.01,241,1483921,卖盘
13:29:18,61.58,-0.01,285,1755632,卖盘
13:29:21,61.61,0.03,50,308020,买盘
13:29:25,61.57,-0.04,55,338710,卖盘
13:29:27,61.59,0.02,61,375644,买盘
13:29:31,61.58,-0.01,47,289475,卖盘
13:29:34,61.6,0.02,60,369531,买盘
13:29:37,61.57,-0.03,120,738933,卖盘
13:29:39,61.59,0.02,92,566447,买盘
