time,price,change,volume,amount,type
09:25:04,62.0,-0.16,1115,6913000,卖盘
09:30:00,62.0,0.0,89,551791,买盘
09:30:04,61.98,-0.02,596,3694067,中性盘
09:30:07,61.93,-0.05,313,1938500,卖盘
09:30:10,61.9,-0.03,484,2993797,卖盘
09:30:13,61.9,0.0,100,618646,买盘
09:30:16,61.85,-0.05,36,222653,中性盘
09:30:19,61.8,-0.05,46,284371,卖盘
09:30:21,61.8,0.0,9,55632,卖盘
09:30:24,61.77,-0.03,52,321261,卖盘
09:30:28,61.84,0.07,571,3533019,买盘
09:30:31,61.77,-0.07,162,998185,卖盘
09:30:34,61.73,-0.04,351,2167611,卖盘
09:30:37,61.7,-0.03,91,561693,卖盘
09:30:39,61.72,0.02,60,370432,买盘
09:30:43,61.69,-0.03,211,1302270,卖盘
09:30:46,61.69,0.0,112,691139,卖盘
09:30:49,61.69,0.0,89,548998,卖盘
09:30:52,61.69,0.0,440,2712234,买盘
09:30:55,61.67,-0.02,43,265189,卖盘
09:30:58,61.66,-0.01,55,339162,卖盘
09:31:01,61.67,0.01,221,1362777,买盘
09:31:04,61.64,-0.03,344,2120290,卖盘
09:31:07,61.6,-0.04,239,1472751,卖盘
09:31:10,61.64,0.04,66,406715,买盘
09:31:13,61.6,-0.04,158,973176,卖盘
09:31:16,61.6,0.0,183,1127245,买盘
09:31:19,61.6,0.0,114,702094,买盘
09:31:22,61.6,0.0,107,658967,买盘
09:31:24,61.57,-0.03,220,1354539,卖盘
09:31:28,61.57,0.0,115,708018,买盘
09:31:30,61.58,0.01,371,2284299,买盘
09:31:33,61.57,-0.01,198,1219084,中性盘
09:31:36,61.55,-0.02,648,3989133,卖盘
09:31:40,61.54,-0.01,173,1064803,卖盘
09:31:42,61.54,0.0,92,566225,卖盘
09:31:45,61.54,0.0,204,1255472,卖盘
09:31:49,61.51,-0.03,316,1944301,卖盘
09:31:52,61.53,0.02,137,843011,中性盘
09:31:55,61.54,0.01,483,2971311,买盘
09:31:58,61.52,-0.02,136,836692,卖盘
09:32:00,61.52,0.0,154,947591,买盘
09:32:04,61.52,0.0,569,3500824,中性盘
09:32:07,61.53,0.01,466,2866089,买盘
09:32:10,61.52,-0.01,432,2657500,卖盘
09:32:13,61.54,0.02,274,1685789,买盘
09:32:16,61.54,0.0,719,4427422,买盘
09:32:19,61.55,0.01,131,803021,卖盘
09:32:21,61.57,0.02,64,393958,中性盘
09:32:24,61.59,0.02,157,966608,买盘
09:32:28,61.58,-0.01,174,1071722,卖盘
09:32:30,61.54,-0.04,329,2025447,卖盘
09:32:34,61.6,0.06,66,406507,卖盘
09:32:37,61.6,0.0,251,1546201,卖盘
09:32:40,61.6,0.0,185,1139199,买盘
09:32:43,61.6,0.0,393,2420403,买盘
09:32:45,61.62,0.02,72,443500,买盘
09:32:49,61.59,-0.03,186,1145683,卖盘
09:32:51,61.62,0.03,119,732984,买盘
09:32:55,61.62,0.0,48,295736,买盘
09:32:57,61.6,-0.02,155,954850,卖盘
09:33:01,61.6,0.0,155,954856,买盘
09:33:05,61.58,-0.02,511,3147109,卖盘
09:33:06,61.6,0.02,228,1404099,买盘
09:33:10,61.6,0.0,127,782400,卖盘
09:33:12,61.6,0.0,260,1601640,卖盘
09:33:16,61.62,0.02,179,1102733,买盘
09:33:18,61.6,-0.02,99,609869,卖盘
09:33:22,61.62,0.02,77,474348,买盘
09:33:25,61.6,-0.02,337,2075960,卖盘
09:33:27,61.6,0.0,519,3196308,买盘
09:33:30,61.6,0.0,290,1786053,买盘
09:33:34,61.6,0.0,102,628295,买盘
09:33:36,61.6,0.0,221,1361189,买盘
09:33:39,61.58,-0.02,150,923885,卖盘
09:33:43,61.58,0.0,256,1576537,买盘
09:33:46,61.57,-0.01,449,2764681,卖盘
09:33:49,61.57,0.0,120,738873,买盘
09:33:52,61.55,-0.02,294,1809824,卖盘
09:33:55,61.55,0.0,198,1218823,卖盘
09:33:58,61.56,0.01,191,1175905,买盘
09:34:00,61.55,-0.01,546,3360845,卖盘
09:34:04,61.57,0.02,207,1277475,买盘
09:34:06,61.55,-0.02,535,3293853,卖盘
09:34:10,61.57,0.02,82,504896,卖盘
09:34:13,61.56,-0.01,247,1521088,卖盘
09:34:16,61.56,0.0,97,597181,卖盘
09:34:19,61.56,0.0,101,621777,卖盘
09:34:22,61.56,0.0,90,554046,买盘
09:34:24,61.56,0.0,256,1575931,买盘
09:34:28,61.56,0.0,296,1821973,买盘
09:34:30,61.56,0.0,200,1231145,买盘
09:34:33,61.56,0.0,556,3422459,卖盘
09:34:36,61.56,0.0,225,1385128,卖盘
09:34:39,61.56,0.0,379,2333259,卖盘
09:34:43,61.56,0.0,180,1108065,卖盘
09:34:46,61.56,0.0,173,1064935,买盘
09:34:49,61.55,-0.01,155,954068,卖盘
09:34:51,61.55,0.0,128,787795,买盘
09:34:55,61.55,0.0,540,3323082,买盘
09:34:58,61.56,0.01,217,1335556,买盘
09:35:01,61.55,-0.01,177,1089302,中性盘
09:35:05,61.54,-0.01,1445,8888421,卖盘
09:35:07,61.54,0.0,587,3610344,买盘
09:35:09,61.5,-0.04,1387,8528714,卖盘
09:35:12,61.49,-0.01,596,3663930,中性盘
09:35:15,61.45,-0.04,334,2052845,卖盘
09:35:19,61.44,-0.01,198,1216544,卖盘
09:35:22,61.42,-0.02,383,2352037,卖盘
09:35:25,61.39,-0.03,667,4095612,卖盘
09:35:28,61.36,-0.03,210,1289136,卖盘
09:35:31,61.35,-0.01,153,938689,卖盘
09:35:34,61.33,-0.02,155,950703,卖盘
09:35:37,61.26,-0.07,1011,6197162,卖盘
09:35:39,61.3,0.04,310,1900106,买盘
09:35:42,61.26,-0.04,155,949566,卖盘
09:35:45,61.26,0.0,65,398164,买盘
09:35:48,61.24,-0.02,488,2989079,卖盘
09:35:52,61.23,-0.01,967,5918891,卖盘
09:35:55,61.23,0.0,249,1524104,买盘
09:35:58,61.2,-0.03,126,771201,卖盘
09:36:01,61.21,0.01,319,1952498,买盘
09:36:04,61.23,0.02,675,4132184,买盘
09:36:07,61.2,-0.03,1078,6601163,卖盘
09:36:10,61.25,0.05,364,2230298,中性盘
09:36:13,61.32,0.07,700,4282836,买盘
09:36:16,61.25,-0.07,105,643069,中性盘
09:36:19,61.32,0.07,162,992793,买盘
09:36:22,61.26,-0.06,121,741548,卖盘
09:36:25,61.32,0.06,330,2023070,买盘
09:36:27,61.32,0.0,987,6052117,卖盘
09:36:31,61.37,0.05,236,1446987,买盘
09:36:34,61.35,-0.02,128,785626,中性盘
09:36:37,61.38,0.03,151,926857,中性盘
09:36:39,61.39,0.01,2096,12859787,中性盘
09:36:43,61.39,0.0,78,478904,卖盘
09:36:45,61.57,0.18,1428,8784098,买盘
09:36:49,61.6,0.03,267,1646034,卖盘
09:36:51,61.57,-0.03,913,5627754,中性盘
09:36:55,61.61,0.04,878,5415899,中性盘
09:36:57,61.63,0.02,369,2276726,中性盘
09:37:01,61.61,-0.02,76,468474,卖盘
09:37:04,61.65,0.04,120,739469,中性盘
09:37:07,61.61,-0.04,350,2155952,买盘
09:37:10,61.51,-0.1,47,289321,卖盘
09:37:13,61.5,-0.01,122,750370,卖盘
09:37:15,61.5,0.0,122,750248,买盘
09:37:19,61.5,0.0,13,79950,买盘
09:37:21,61.5,0.0,128,786930,买盘
09:37:25,61.45,-0.05,51,313610,卖盘
09:37:28,61.49,0.04,493,3031808,中性盘
09:37:31,61.45,-0.04,74,454757,卖盘
09:37:34,61.45,0.0,33,202757,买盘
09:37:36,61.45,0.0,103,632933,买盘
09:37:39,61.43,-0.02,91,559247,卖盘
09:37:42,61.45,0.02,90,553004,买盘
09:37:46,61.44,-0.01,64,393286,中性盘
09:37:48,61.45,0.01,73,448540,买盘
09:37:52,61.45,0.0,556,3414757,卖盘
09:37:54,61.44,-0.01,82,503852,卖盘
09:37:58,61.45,0.01,55,337879,买盘
09:38:01,61.44,-0.01,189,1161106,中性盘
09:38:05,61.4,-0.04,144,884763,卖盘
09:38:07,61.4,0.0,68,417618,卖盘
09:38:10,61.42,0.02,354,2173685,买盘
09:38:12,61.42,0.0,12,73715,卖盘
09:38:16,61.45,0.03,85,522036,买盘
09:38:18,61.41,-0.04,107,657253,卖盘
09:38:22,61.42,0.01,93,571200,买盘
09:38:25,61.42,0.0,72,442192,买盘
09:38:28,61.42,0.0,141,866025,买盘
09:38:30,61.45,0.03,129,792333,买盘
09:38:33,61.42,-0.03,174,1069115,卖盘
09:38:37,61.42,0.0,99,608129,卖盘
09:38:40,61.4,-0.02,634,3893224,卖盘
09:38:43,61.4,0.0,281,1725340,买盘
09:38:46,61.4,0.0,99,607859,买盘
09:38:48,61.41,0.01,148,908738,买盘
09:38:52,61.41,0.0,158,970166,买盘
09:38:55,61.41,0.0,39,239499,卖盘
09:38:58,61.41,0.0,28,171949,卖盘
09:39:00,61.44,0.03,236,1449469,买盘
09:39:05,61.45,0.01,95,583691,买盘
09:39:07,61.43,-0.02,253,1554584,卖盘
09:39:10,61.45,0.02,190,1167169,买盘
09:39:12,61.45,0.0,75,460925,卖盘
09:39:16,61.44,-0.01,284,1745832,卖盘
09:39:19,61.43,-0.01,66,405505,卖盘
09:39:21,61.43,0.0,63,387066,卖盘
09:39:24,61.44,0.01,104,639023,中性盘
09:39:28,61.43,-0.01,217,1333067,卖盘
09:39:30,61.43,0.0,287,1763267,买盘
09:39:34,61.45,0.02,42,258068,买盘
09:39:36,61.43,-0.02,92,565298,卖盘
09:39:40,61.44,0.01,26,159746,买盘
09:39:42,61.45,0.01,62,381037,卖盘
09:39:45,61.45,0.0,39,239638,买盘
09:39:49,61.45,0.0,106,651345,买盘
09:39:51,61.45,0.0,222,1364057,买盘
09:39:55,61.46,0.01,55,337991,中性盘
09:39:57,61.45,-0.01,292,1794165,卖盘
09:40:01,61.45,0.0,71,436292,买盘
09:40:04,61.46,0.01,133,817135,买盘
09:40:07,61.45,-0.01,69,419030,卖盘
09:40:09,61.48,0.03,55,338009,买盘
09:40:13,61.45,-0.03,120,737565,卖盘
09:40:16,61.46,0.01,84,516400,买盘
09:40:18,61.49,0.03,86,528570,买盘
09:40:21,61.46,-0.03,136,835816,卖盘
09:40:25,61.46,0.0,183,1124728,买盘
09:40:28,61.48,0.02,108,663954,买盘
09:40:31,61.48,0.0,348,2138843,买盘
09:40:34,61.46,-0.02,217,1333847,卖盘
09:40:37,61.46,0.0,103,633038,买盘
09:40:40,61.46,0.0,99,608402,买盘
09:40:43,61.48,0.02,109,670041,买盘
09:40:45,61.46,-0.02,93,571622,卖盘
09:40:49,61.49,0.03,88,541063,买盘
09:40:51,61.46,-0.03,108,663889,卖盘
09:40:55,61.48,0.02,40,245876,买盘
09:40:58,61.48,0.0,30,184423,买盘
09:41:01,61.48,0.0,61,375019,买盘
09:41:05,61.48,0.0,151,928504,卖盘
09:41:07,61.48,0.0,21,129113,卖盘
09:41:10,61.49,0.01,34,209062,买盘
09:41:13,61.48,-0.01,81,497994,卖盘
09:41:16,61.48,0.0,184,1131333,买盘
09:41:18,61.47,-0.01,50,307384,卖盘
09:41:21,61.44,-0.03,419,2580112,卖盘
09:41:25,61.47,0.03,39,239709,买盘
09:41:28,61.47,0.0,51,313402,买盘
09:41:31,61.45,-0.02,19,116768,买盘
09:41:33,61.45,0.0,46,282662,买盘
09:41:37,61.44,-0.01,201,1234942,卖盘
09:41:39,61.44,0.0,130,798780,买盘
09:41:42,61.45,0.01,66,405596,卖盘
09:41:46,61.45,0.0,24,147490,卖盘
09:41:49,61.45,0.0,59,362511,卖盘
09:41:52,61.45,0.0,23,141320,买盘
09:41:55,61.44,-0.01,167,1025947,卖盘
09:41:58,61.43,-0.01,61,374765,卖盘
09:42:01,61.44,0.01,80,491448,买盘
09:42:05,61.45,0.01,430,2642178,买盘
09:42:07,61.44,-0.01,240,1474949,卖盘
09:42:09,61.47,0.03,70,430128,买盘
09:42:12,61.45,-0.02,183,1124567,卖盘
09:42:15,61.46,0.01,457,2808558,中性盘
09:42:19,61.45,-0.01,643,3950068,卖盘
09:42:21,61.44,-0.01,68,417830,中性盘
09:42:25,61.45,0.01,56,343970,买盘
09:42:27,61.42,-0.03,566,3475753,卖盘
09:42:31,61.4,-0.02,108,663386,卖盘
09:42:34,61.42,0.02,40,245663,买盘
09:42:36,61.42,0.0,187,1148413,买盘
09:42:39,61.41,-0.01,74,454467,中性盘
09:42:43,61.4,-0.01,174,1068375,卖盘
09:42:46,61.4,0.0,93,571017,买盘
09:42:49,61.4,0.0,103,631953,买盘
09:42:52,61.39,-0.01,152,933256,卖盘
09:42:55,61.4,0.01,69,423635,买盘
09:42:57,61.36,-0.04,395,2424954,卖盘
09:43:01,61.39,0.03,43,263961,买盘
09:43:05,61.36,-0.03,10,61366,卖盘
09:43:07,61.35,-0.01,103,632069,卖盘
09:43:10,61.37,0.02,212,1301447,中性盘
09:43:12,61.37,0.0,27,165683,买盘
09:43:16,61.37,0.0,72,441851,买盘
09:43:19,61.36,-0.01,132,809929,卖盘
09:43:21,61.35,-0.01,57,349760,卖盘
09:43:25,61.36,0.01,170,1043055,买盘
09:43:27,61.36,0.0,257,1576943,买盘
09:43:31,61.37,0.01,36,220926,买盘
09:43:33,61.36,-0.01,202,1239730,卖盘
09:43:37,61.36,0.0,157,963583,卖盘
09:43:39,61.36,0.0,171,1049570,卖盘
09:43:43,61.38,0.02,404,2479975,买盘
09:43:46,61.4,0.02,309,1896562,买盘
09:43:49,61.4,0.0,231,1418454,买盘
09:43:51,61.42,0.02,116,712520,中性盘
09:43:54,61.45,0.03,121,743189,买盘
09:43:58,61.45,0.0,32,196610,买盘
09:44:01,61.46,0.01,100,614404,买盘
09:44:05,61.46,0.0,49,301121,买盘
09:44:07,61.47,0.01,150,921824,买盘
09:44:10,61.48,0.01,140,860672,买盘
09:44:12,61.48,0.0,87,534911,买盘
09:44:15,61.49,0.01,48,295151,买盘
09:44:19,61.48,-0.01,93,571823,卖盘
09:44:21,61.49,0.01,771,4741401,买盘
09:44:24,61.51,0.02,207,1273068,买盘
09:44:28,61.52,0.01,111,682834,买盘
09:44:31,61.52,0.0,34,209197,卖盘
09:44:34,61.55,0.03,18,110758,买盘
09:44:37,61.52,-0.03,134,824346,卖盘
09:44:39,61.52,0.0,118,725953,买盘
09:44:43,61.54,0.02,90,553807,买盘
09:44:45,61.55,0.01,74,455463,买盘
09:44:48,61.54,-0.01,110,677020,卖盘
09:44:52,61.58,0.04,29,178574,买盘
09:44:55,61.58,0.0,87,535749,卖盘
09:44:58,61.59,0.01,67,412628,买盘
09:45:00,61.59,0.0,54,332590,买盘
09:45:04,61.61,0.02,301,1854168,买盘
09:45:07,61.6,-0.01,140,862429,卖盘
09:45:10,61.59,-0.01,158,973259,卖盘
09:45:13,61.61,0.02,35,215622,买盘
09:45:16,61.6,-0.01,45,277216,卖盘
09:45:18,61.6,0.0,47,289551,卖盘
09:45:21,61.6,0.0,532,3277161,卖盘
09:45:24,61.61,0.01,186,1145822,买盘
09:45:28,61.6,-0.01,204,1256850,卖盘
09:45:31,61.61,0.01,171,1053389,买盘
09:45:34,61.61,0.0,113,696162,买盘
09:45:36,61.61,0.0,123,757836,买盘
09:45:40,61.61,0.0,165,1016583,买盘
09:45:43,61.61,0.0,17,104743,卖盘
09:45:45,61.61,0.0,329,2028168,卖盘
09:45:49,61.65,0.04,20,123300,卖盘
09:45:51,61.65,0.0,21,129474,卖盘
09:45:55,61.65,0.0,26,160287,卖盘
09:45:58,61.65,0.0,46,283585,买盘
09:46:00,61.67,0.02,54,332893,买盘
09:46:05,61.67,0.0,12,73997,买盘
09:46:07,61.67,0.0,64,394644,买盘
09:46:10,61.68,0.01,84,518088,买盘
09:46:13,61.67,-0.01,37,228212,卖盘
09:46:16,61.7,0.03,282,1739237,买盘
09:46:18,61.68,-0.02,31,191220,卖盘
09:46:21,61.68,0.0,24,148046,卖盘
09:46:25,61.7,0.02,24,148065,买盘
09:46:27,61.7,0.0,52,320806,买盘
09:46:30,61.72,0.02,128,790006,买盘
09:46:34,61.74,0.02,49,302441,买盘
09:46:37,61.72,-0.02,14,86429,卖盘
09:46:39,61.72,0.0,59,364177,卖盘
09:46:43,61.74,0.02,21,129665,买盘
09:46:45,61.74,0.0,97,598772,买盘
09:46:49,61.74,0.0,327,2018058,买盘
09:46:52,61.74,0.0,149,919916,买盘
09:46:54,61.75,0.01,66,407564,卖盘
09:46:58,61.75,0.0,95,586639,卖盘
09:47:01,61.74,-0.01,178,1099019,卖盘
09:47:05,61.74,0.0,147,907642,卖盘
09:47:07,61.74,0.0,219,1352102,卖盘
09:47:10,61.74,0.0,81,500055,买盘
09:47:12,61.72,-0.02,74,456747,卖盘
09:47:16,61.72,0.0,54,333281,买盘
09:47:18,61.7,-0.02,103,635689,卖盘
09:47:22,61.72,0.02,101,623239,买盘
09:47:25,61.71,-0.01,70,432051,卖盘
09:47:27,61.67,-0.04,416,2566471,卖盘
09:47:31,61.69,0.02,187,1153697,买盘
09:47:34,61.66,-0.03,17,104864,卖盘
09:47:37,61.69,0.03,26,160416,中性盘
09:47:39,61.67,-0.02,5,30837,买盘
09:47:42,61.69,0.02,22,135712,买盘
09:47:46,61.69,0.0,60,369977,买盘
09:47:48,61.72,0.03,231,1425129,买盘
09:47:52,61.65,-0.07,358,2208035,卖盘
09:47:55,61.67,0.02,104,641276,买盘
09:47:58,61.68,0.01,66,407045,买盘
09:48:00,61.65,-0.03,158,974314,卖盘
09:48:05,61.7,0.05,207,1274022,买盘
09:48:07,61.7,0.0,62,382544,卖盘
09:48:10,61.72,0.02,37,228282,买盘
09:48:12,61.72,0.0,306,1886782,买盘
09:48:15,61.69,-0.03,124,765346,卖盘
09:48:19,61.66,-0.03,79,487267,卖盘
09:48:21,61.73,0.07,110,678986,买盘
09:48:25,61.73,0.0,143,882739,卖盘
09:48:28,61.74,0.01,21,129639,买盘
09:48:30,61.73,-0.01,41,253114,卖盘
09:48:34,61.73,0.0,66,407426,卖盘
09:48:36,61.74,0.01,44,271617,买盘
09:48:39,61.74,0.0,99,611197,买盘
09:48:42,61.73,-0.01,228,1407433,买盘
09:48:46,61.74,0.01,50,308677,买盘
09:48:49,61.73,-0.01,46,283996,卖盘
09:48:52,61.72,-0.01,104,642075,卖盘
09:48:55,61.77,0.05,172,1062106,买盘
09:48:57,61.73,-0.04,34,209931,卖盘
09:49:00,61.75,0.02,75,463040,卖盘
09:49:04,61.77,0.02,50,308815,买盘
09:49:06,61.77,0.0,19,117337,买盘
09:49:10,61.77,0.0,25,154406,卖盘
09:49:12,61.78,0.01,48,296491,买盘
09:49:16,61.76,-0.02,8,49411,中性盘
09:49:18,61.77,0.01,43,265597,买盘
09:49:22,61.77,0.0,52,321204,买盘
09:49:25,61.77,0.0,36,222374,买盘
09:49:28,61.79,0.02,111,685774,买盘
09:49:30,61.78,-0.01,206,1272845,卖盘
09:49:33,61.79,0.01,274,1692641,买盘
09:49:37,61.79,0.0,162,1000998,卖盘
09:49:39,61.8,0.01,259,1600590,买盘
09:49:43,61.8,0.0,133,821926,买盘
09:49:45,61.81,0.01,46,284280,买盘
09:49:49,61.81,0.0,12,74169,买盘
09:49:51,61.81,0.0,13,80357,卖盘
09:49:55,61.82,0.01,91,562515,买盘
09:49:57,61.81,-0.01,185,1143653,卖盘
09:50:01,61.82,0.01,76,469835,买盘
09:50:04,61.86,0.04,286,1768318,买盘
09:50:07,61.86,0.0,209,1292776,买盘
09:50:09,61.9,0.04,146,903605,买盘
09:50:13,61.94,0.04,94,581999,买盘
09:50:16,61.92,-0.02,135,836334,卖盘
09:50:18,61.94,0.02,183,1133403,买盘
09:50:21,61.94,0.0,91,563559,买盘
09:50:24,61.95,0.01,140,867341,买盘
09:50:27,61.95,0.0,64,396480,卖盘
09:50:31,61.97,0.02,34,210653,买盘
09:50:34,61.97,0.0,23,142494,买盘
09:50:36,61.96,-0.01,123,762093,中性盘
09:50:40,61.97,0.01,95,588612,买盘
09:50:43,61.95,-0.02,150,929352,卖盘
09:50:45,61.95,0.0,134,830216,卖盘
09:50:49,61.97,0.02,486,3011265,买盘
09:50:51,61.97,0.0,151,935706,卖盘
09:50:55,61.97,0.0,85,526742,买盘
09:50:58,61.98,0.01,137,849080,买盘
09:51:01,61.97,-0.01,100,619717,卖盘
09:51:05,61.97,0.0,117,725085,卖盘
09:51:07,61.97,0.0,143,886223,卖盘
09:51:10,61.97,0.0,127,787050,卖盘
09:51:13,61.98,0.01,455,2819712,买盘
09:51:15,61.97,-0.01,156,966715,中性盘
09:51:19,61.98,0.01,394,2441791,买盘
09:51:21,61.98,0.0,234,1450508,卖盘
09:51:24,61.99,0.01,92,570247,买盘
09:51:27,61.99,0.0,225,1394637,买盘
09:51:30,61.98,-0.01,517,3205342,卖盘
09:51:34,61.99,0.01,162,1004259,买盘
09:51:36,62.0,0.01,8,49604,中性盘
09:51:39,62.0,0.0,88,545703,卖盘
09:51:42,61.99,-0.01,35,216996,卖盘
09:51:45,62.0,0.01,56,347293,卖盘
09:51:49,62.02,0.02,121,750575,买盘
09:51:52,62.04,0.02,511,3170251,买盘
09:51:54,62.04,0.0,331,2054036,卖盘
09:51:58,62.06,0.02,319,1979812,买盘
09:52:00,62.09,0.03,141,875392,买盘
09:52:04,62.1,0.01,87,540314,买盘
09:52:07,62.13,0.03,80,497037,买盘
09:52:10,62.12,-0.01,167,1037472,卖盘
09:52:13,62.14,0.02,273,1696404,买盘
09:52:15,62.14,0.0,520,3231610,买盘
09:52:19,62.16,0.02,238,1479401,买盘
09:52:22,62.2,0.04,63,391764,买盘
09:52:24,62.21,0.01,197,1225325,买盘
09:52:28,62.2,-0.01,62,385656,卖盘
09:52:31,62.22,0.02,58,360847,买盘
09:52:34,62.22,0.0,160,995356,卖盘
09:52:37,62.23,0.01,83,516502,买盘
09:52:39,62.23,0.0,185,1151436,卖盘
09:52:43,62.25,0.02,74,460587,买盘
09:52:46,62.25,0.0,64,398335,买盘
09:52:48,62.25,0.0,12,74704,卖盘
09:52:52,62.27,0.02,185,1151944,买盘
09:52:54,62.28,0.01,658,4096312,买盘
09:52:58,62.28,0.0,91,566723,买盘
09:53:00,62.29,0.01,52,323866,买盘
09:53:04,62.29,0.0,74,460929,买盘
09:53:07,62.28,-0.01,189,1177210,卖盘
09:53:10,62.29,0.01,159,990383,买盘
09:53:13,62.27,-0.02,120,747364,卖盘
09:53:15,62.28,0.01,156,971518,买盘
09:53:18,62.25,-0.03,271,1687531,卖盘
09:53:22,62.26,0.01,323,2011282,中性盘
09:53:25,62.26,0.0,202,1257692,买盘
09:53:27,62.26,0.0,168,1045814,买盘
09:53:30,62.25,-0.01,44,273886,买盘
09:53:33,62.25,0.0,79,491671,买盘
09:53:36,62.23,-0.02,115,715795,卖盘
09:53:39,62.23,0.0,54,336054,卖盘
09:53:43,62.22,-0.01,99,615935,卖盘
09:53:46,62.18,-0.04,96,597115,卖盘
09:53:48,62.18,0.0,23,143013,买盘
09:53:52,62.17,-0.01,29,180348,卖盘
09:53:54,62.17,0.0,31,192724,中性盘
09:53:58,62.16,-0.01,19,118102,卖盘
09:54:00,62.16,0.0,43,267270,买盘
09:54:04,62.14,-0.02,26,161552,卖盘
09:54:07,62.15,0.01,39,242357,买盘
09:54:10,62.13,-0.02,44,273375,中性盘
09:54:13,62.13,0.0,43,267174,买盘
09:54:16,62.13,0.0,134,832430,买盘
09:54:19,62.12,-0.01,76,472086,买盘
09:54:22,62.1,-0.02,88,546520,卖盘
09:54:25,62.11,0.01,178,1105460,中性盘
09:54:28,62.1,-0.01,425,2641245,卖盘
09:54:30,62.1,0.0,220,1364178,卖盘
09:54:34,62.08,-0.02,70,434624,卖盘
09:54:37,62.09,0.01,19,117976,买盘
09:54:39,62.1,0.01,44,273207,买盘
09:54:43,62.07,-0.03,84,521336,买盘
09:54:46,62.07,0.0,35,217237,买盘
09:54:49,62.05,-0.02,56,347585,卖盘
09:54:52,62.05,0.0,49,304032,买盘
09:54:54,62.05,0.0,47,291600,买盘
09:54:58,62.02,-0.03,21,130266,卖盘
09:55:01,62.01,-0.01,45,279183,卖盘
09:55:04,62.01,0.0,43,266680,卖盘
09:55:07,62.01,0.0,55,341088,卖盘
09:55:09,62.01,0.0,119,741194,卖盘
09:55:12,62.01,0.0,386,2393577,买盘
09:55:16,62.01,0.0,275,1701825,买盘
09:55:19,62.01,0.0,205,1274519,买盘
09:55:22,62.03,0.02,303,1879646,买盘
09:55:25,62.01,-0.02,115,713405,卖盘
09:55:28,62.08,0.07,42,260666,买盘
09:55:30,62.08,0.0,103,639601,卖盘
09:55:33,62.12,0.04,429,2664703,买盘
09:55:36,62.13,0.01,72,447307,买盘
09:55:40,62.15,0.02,284,1765300,买盘
09:55:43,62.18,0.03,309,1921063,买盘
09:55:46,62.2,0.02,145,901839,买盘
09:55:48,62.2,0.0,186,1156895,买盘
09:55:51,62.2,0.0,241,1499410,卖盘
09:55:55,62.21,0.01,74,460420,中性盘
09:55:58,62.23,0.02,98,609832,买盘
09:56:01,62.23,0.0,196,1220073,卖盘
09:56:04,62.2,-0.03,436,2712391,卖盘
09:56:07,62.2,0.0,79,491375,买盘
09:56:09,62.22,0.02,164,1020395,买盘
09:56:12,62.22,0.0,28,174226,卖盘
09:56:15,62.21,-0.01,320,1990893,卖盘
09:56:19,62.22,0.01,26,161770,买盘
09:56:22,62.2,-0.02,296,1841319,卖盘
09:56:25,62.19,-0.01,479,2979684,买盘
09:56:28,62.19,0.0,22,136802,买盘
09:56:31,62.19,0.0,59,366795,买盘
09:56:33,62.14,-0.05,245,1523642,卖盘
09:56:36,62.19,0.05,56,348173,买盘
09:56:39,62.17,-0.02,5,31085,卖盘
09:56:42,62.19,0.02,76,472607,买盘
09:56:46,62.2,0.01,40,248769,买盘
09:56:49,62.2,0.0,165,1026441,买盘
09:56:52,62.2,0.0,30,186581,卖盘
09:56:54,62.2,0.0,87,541194,买盘
09:56:58,62.19,-0.01,123,765107,卖盘
09:57:00,62.2,0.01,69,429146,买盘
09:57:04,62.19,-0.01,61,379407,卖盘
09:57:07,62.2,0.01,99,615760,买盘
09:57:09,62.2,0.0,38,236360,卖盘
09:57:12,62.2,0.0,40,248814,卖盘
09:57:15,62.2,0.0,125,777498,卖盘
09:57:18,62.19,-0.01,52,323397,卖盘
09:57:21,62.16,-0.03,121,752516,卖盘
09:57:25,62.19,0.03,119,739908,买盘
09:57:28,62.19,0.0,72,447765,买盘
09:57:31,62.19,0.0,19,118152,买盘
09:57:34,62.18,-0.01,28,174068,中性盘
09:57:37,62.17,-0.01,14,87049,中性盘
09:57:39,62.18,0.01,33,205181,买盘
09:57:43,62.18,0.0,53,329553,买盘
09:57:45,62.18,0.0,46,285990,买盘
09:57:48,62.17,-0.01,168,1044390,卖盘
09:57:52,62.17,0.0,12,74602,买盘
09:57:54,62.16,-0.01,97,602940,卖盘
09:57:57,62.16,0.0,38,236209,买盘
09:58:01,62.16,0.0,32,198897,买盘
09:58:04,62.15,-0.01,69,428838,卖盘
09:58:07,62.1,-0.05,125,776477,卖盘
09:58:10,62.08,-0.02,42,260752,卖盘
09:58:13,62.08,0.0,40,248320,买盘
09:58:16,62.08,0.0,7,43445,买盘
09:58:18,62.08,0.0,63,391082,买盘
09:58:22,62.1,0.02,80,496762,买盘
09:58:24,62.08,-0.02,20,124157,卖盘
09:58:28,62.08,0.0,35,217280,买盘
09:58:30,62.06,-0.02,13,80680,卖盘
09:58:33,62.08,0.02,26,161357,买盘
09:58:37,62.08,0.0,28,171384,买盘
09:58:39,62.06,-0.02,13,83101,卖盘
09:58:43,62.08,0.02,55,341367,卖盘
09:58:45,62.06,-0.02,25,155142,买盘
09:58:49,62.05,-0.01,131,813025,卖盘
09:58:51,62.06,0.01,7,43441,中性盘
09:58:54,62.05,-0.01,100,620538,卖盘
09:58:58,62.06,0.01,53,328919,买盘
09:59:00,62.07,0.01,18,111709,买盘
09:59:04,62.06,-0.01,155,961942,卖盘
09:59:07,62.08,0.02,156,968544,买盘
09:59:10,62.08,0.0,247,1533832,卖盘
09:59:13,62.08,0.0,1192,7402836,卖盘
09:59:15,62.09,0.01,61,376816,卖盘
09:59:19,62.13,0.04,48,298047,买盘
09:59:21,62.11,-0.02,26,161492,卖盘
09:59:25,62.12,0.01,22,136684,中性盘
09:59:27,62.13,0.01,34,211185,买盘
09:59:31,62.14,0.01,38,236092,中性盘
09:59:33,62.1,-0.04,26,161526,卖盘
09:59:37,62.12,0.02,5,34105,中性盘
09:59:39,62.06,-0.06,575,3570780,卖盘
09:59:42,62.12,0.06,7,43481,中性盘
09:59:45,62.12,0.0,6,37268,买盘
09:59:48,62.12,0.0,49,304382,买盘
09:59:51,62.1,-0.02,62,385030,卖盘
09:59:55,62.11,0.01,16,99380,买盘
09:59:57,62.11,0.0,18,111801,卖盘
10:00:01,62.1,-0.01,104,645875,卖盘
10:00:04,62.12,0.02,88,546599,买盘
10:00:07,62.09,-0.03,34,211152,卖盘
10:00:09,62.1,0.01,73,453269,卖盘
10:00:12,62.09,-0.01,13,80725,买盘
10:00:15,62.07,-0.02,139,863250,卖盘
10:00:19,62.09,0.02,61,378808,卖盘
10:00:21,62.09,0.0,54,335187,卖盘
10:00:25,62.07,-0.02,27,167614,中性盘
10:00:27,62.08,0.01,105,651891,买盘
10:00:31,62.07,-0.01,25,155217,卖盘
10:00:33,62.09,0.02,117,726248,买盘
10:00:36,62.08,-0.01,89,552391,卖盘
10:00:40,62.09,0.01,25,155236,买盘
10:00:43,62.1,0.01,34,211094,买盘
10:00:46,62.09,-0.01,33,204927,中性盘
10:00:49,62.1,0.01,66,409798,买盘
10:00:52,62.09,-0.01,183,1136491,卖盘
10:00:54,62.09,0.0,29,180074,卖盘
10:00:58,62.1,0.01,38,235981,买盘
10:01:01,62.11,0.01,397,2465760,买盘
10:01:04,62.11,0.0,86,534190,卖盘
10:01:07,62.1,-0.01,517,3208317,卖盘
10:01:09,62.11,0.01,24,149062,买盘
10:01:12,62.11,0.0,267,1658670,买盘
10:01:16,62.1,-0.01,17,105564,中性盘
10:01:19,62.08,-0.02,7,43462,卖盘
10:01:22,62.1,0.02,37,229678,买盘
10:01:24,62.11,0.01,31,192470,买盘
10:01:27,62.1,-0.01,26,161430,卖盘
10:01:31,62.06,-0.04,26,161426,卖盘
10:01:33,62.06,0.0,8,49652,卖盘
10:01:36,62.08,0.02,24,148948,中性盘
10:01:42,62.05,-0.03,13,80666,卖盘
10:01:46,62.05,0.0,18,111668,买盘
10:01:49,62.04,-0.01,10,62030,中性盘
10:01:52,62.03,-0.01,9,55826,中性盘
10:01:55,62.04,0.01,40,248106,买盘
10:01:57,62.04,0.0,21,130283,卖盘
10:02:00,62.02,-0.02,36,223338,卖盘
10:02:04,62.02,0.0,39,241899,卖盘
10:02:06,62.03,0.01,2,12406,中性盘
10:02:09,62.02,-0.01,13,80626,卖盘
10:02:12,62.01,-0.01,5,31006,卖盘
10:02:15,62.01,0.0,8,49613,卖盘
10:02:19,62.02,0.01,30,186032,买盘
10:02:22,62.01,-0.01,129,800050,卖盘
10:02:24,62.01,0.0,94,582962,卖盘
10:02:28,62.01,0.0,293,1817431,卖盘
10:02:31,62.03,0.02,160,992139,买盘
10:02:34,62.0,-0.03,498,3084325,卖盘
10:02:37,62.0,0.0,122,759782,买盘
10:02:40,62.0,0.0,77,474119,卖盘
10:02:43,62.0,0.0,106,657138,中性盘
10:02:45,61.99,-0.01,148,917591,卖盘
10:02:49,61.99,0.0,60,371962,卖盘
10:02:51,61.99,0.0,46,285138,买盘
10:02:55,61.99,0.0,78,483516,买盘
10:02:58,61.98,-0.01,669,4145955,卖盘
10:03:01,61.93,-0.05,66,408890,卖盘
10:03:05,61.93,0.0,32,198181,卖盘
10:03:07,62.0,0.07,275,1704551,买盘
10:03:10,62.0,0.0,50,310000,卖盘
10:03:12,61.9,-0.1,242,1498276,卖盘
10:03:15,61.9,0.0,39,241410,买盘
10:03:19,61.88,-0.02,144,891581,卖盘
10:03:22,61.88,0.0,77,476481,卖盘
10:03:24,61.95,0.07,258,1597738,买盘
10:03:28,62.0,0.05,27,167304,买盘
10:03:30,61.98,-0.02,10,61971,卖盘
10:03:34,61.98,0.0,63,390434,买盘
10:03:36,61.95,-0.03,71,439857,卖盘
10:03:39,61.95,0.0,26,161070,买盘
10:03:43,61.95,0.0,29,179569,买盘
10:03:45,61.91,-0.04,106,656614,中性盘
10:03:48,61.93,0.02,119,737153,中性盘
10:03:52,61.9,-0.03,202,1251014,卖盘
10:03:54,61.95,0.05,14,86715,买盘
10:03:58,61.88,-0.07,479,2967317,卖盘
10:04:01,61.88,0.0,153,946769,买盘
10:04:04,61.88,0.0,45,278582,卖盘
10:04:07,61.99,0.11,213,1318145,买盘
10:04:09,61.87,-0.12,125,773437,卖盘
10:04:13,61.9,0.03,116,717788,买盘
10:04:15,61.95,0.05,4,24770,中性盘
10:04:19,61.9,-0.05,42,259990,卖盘
10:04:22,61.9,0.0,163,1008970,买盘
10:04:24,61.88,-0.02,24,148548,卖盘
10:04:28,61.95,0.07,33,204450,买盘
10:04:31,61.97,0.02,266,1647498,买盘
10:04:34,61.88,-0.09,7,43320,卖盘
10:04:36,61.97,0.09,34,210656,买盘
10:04:39,61.93,-0.04,5,30969,中性盘
10:04:43,61.96,0.03,9,55763,买盘
10:04:45,61.93,-0.03,16,99106,卖盘
10:04:49,61.91,-0.02,33,204359,卖盘
10:04:51,61.9,-0.01,61,377686,卖盘
10:04:55,61.93,0.03,5,30963,买盘
10:04:58,61.96,0.03,21,130096,买盘
10:05:01,61.96,0.0,93,575672,买盘
10:05:04,61.88,-0.08,9,55699,卖盘
10:05:06,61.95,0.07,16,99104,买盘
10:05:10,61.9,-0.05,207,1282363,卖盘
10:05:13,61.91,0.01,25,154768,买盘
10:05:16,61.91,0.0,16,99057,买盘
10:05:19,61.91,0.0,18,111474,卖盘
10:05:22,61.93,0.02,6,37162,中性盘
10:05:24,61.9,-0.03,34,210464,卖盘
10:05:28,61.89,-0.01,5,30948,卖盘
10:05:31,61.9,0.01,19,117598,买盘
10:05:33,61.89,-0.01,87,538499,卖盘
10:05:36,61.88,-0.01,293,1813108,卖盘
10:05:39,61.88,0.0,223,1379920,买盘
10:05:43,61.85,-0.03,269,1664081,卖盘
10:05:45,61.84,-0.01,42,259766,卖盘
10:05:49,61.87,0.03,231,1428809,买盘
10:05:51,61.84,-0.03,38,235008,卖盘
10:05:55,61.85,0.01,60,371043,买盘
10:05:57,61.85,0.0,31,191715,中性盘
10:06:00,61.85,0.0,57,352623,中性盘
10:06:04,61.85,0.0,103,637161,卖盘
10:06:07,61.86,0.01,17,105167,买盘
10:06:10,61.87,0.01,13,80429,买盘
10:06:12,61.86,-0.01,18,111361,卖盘
10:06:15,61.85,-0.01,54,334043,卖盘
10:06:19,61.85,0.0,170,1051482,买盘
10:06:22,61.87,0.02,162,1002607,中性盘
10:06:24,61.85,-0.02,39,241279,卖盘
10:06:28,61.86,0.01,23,142269,卖盘
10:06:30,61.89,0.03,21,129950,中性盘
10:06:34,61.9,0.01,26,160906,买盘
10:06:37,61.89,-0.01,370,2288638,中性盘
10:06:39,61.88,-0.01,29,179503,卖盘
10:06:43,61.88,0.0,49,303235,卖盘
10:06:46,61.89,0.01,138,853496,买盘
10:06:49,61.85,-0.04,5,30933,卖盘
10:06:52,61.88,0.03,10,60942,买盘
10:06:55,61.86,-0.02,6,37117,中性盘
10:06:58,61.85,-0.01,95,587814,卖盘
10:07:00,61.85,0.0,118,730554,卖盘
10:07:04,61.83,-0.02,25,154587,卖盘
10:07:07,61.85,0.02,33,203143,买盘
10:07:09,61.82,-0.03,44,272961,卖盘
10:07:13,61.82,0.0,385,2380070,买盘
10:07:16,61.81,-0.01,331,2045794,卖盘
10:07:18,61.86,0.05,110,679191,买盘
10:07:22,61.88,0.02,20,123742,买盘
10:07:24,61.81,-0.07,112,693400,卖盘
10:07:28,61.85,0.04,41,253557,买盘
10:07:31,61.86,0.01,48,296875,买盘
10:07:34,61.81,-0.05,29,179309,卖盘
10:07:36,61.84,0.03,23,142248,买盘
10:07:39,61.82,-0.02,13,80379,卖盘
10:07:42,61.83,0.01,58,358633,中性盘
10:07:46,61.83,0.0,88,544094,买盘
10:07:49,61.85,0.02,108,667925,买盘
10:07:52,61.84,-0.01,43,265937,卖盘
10:07:54,61.84,0.0,27,166983,卖盘
10:07:57,61.85,0.01,42,259768,买盘
10:08:01,61.86,0.01,71,439078,中性盘
10:08:05,61.9,0.04,125,772597,买盘
10:08:07,61.9,0.0,48,297122,卖盘
10:08:10,61.91,0.01,7,43343,买盘
10:08:13,61.94,0.03,1,6194,买盘
10:08:15,61.9,-0.04,203,1257532,卖盘
10:08:18,61.9,0.0,89,550682,买盘
10:08:22,61.9,0.0,9,55710,买盘
10:08:24,61.91,0.01,42,259952,买盘
10:08:27,61.9,-0.01,19,117571,中性盘
10:08:31,61.9,0.0,20,123794,买盘
10:08:33,61.85,-0.05,56,346465,卖盘
10:08:36,61.86,0.01,162,1001972,买盘
10:08:39,61.88,0.02,16,99024,买盘
10:08:43,61.86,-0.02,27,167036,卖盘
10:08:45,61.85,-0.01,9,55678,卖盘
10:08:48,61.85,0.0,86,532189,卖盘
10:08:52,61.88,0.03,7,43317,买盘
10:08:54,61.89,0.01,95,587956,中性盘
10:08:57,61.85,-0.04,120,742418,卖盘
10:09:01,61.89,0.04,12,74242,买盘
10:09:05,61.85,-0.04,14,86592,卖盘
10:09:07,61.88,0.03,56,346370,买盘
10:09:10,61.87,-0.01,16,99000,卖盘
10:09:13,61.85,-0.02,63,388763,卖盘
10:09:16,61.86,0.01,46,284608,卖盘
10:09:19,61.85,-0.01,166,1026858,卖盘
10:09:22,61.86,0.01,13,80418,卖盘
10:09:25,61.86,0.0,32,197964,卖盘
10:09:28,61.86,0.0,100,618593,卖盘
10:09:31,61.87,0.01,10,61869,中性盘
10:09:33,61.89,0.02,55,340339,买盘
10:09:37,61.89,0.0,1,6189,卖盘
10:09:39,61.89,0.0,16,99024,卖盘
10:09:42,61.89,0.0,44,272220,卖盘
10:09:46,61.89,0.0,5,30944,买盘
10:09:48,61.88,-0.01,7,43320,卖盘
10:09:52,61.88,0.0,62,383705,卖盘
10:09:54,61.88,0.0,22,136138,卖盘
10:09:58,61.88,0.0,62,383659,买盘
10:10:01,61.88,0.0,13,80444,卖盘
10:10:04,61.88,0.0,98,606498,卖盘
10:10:07,61.94,0.06,262,1621977,买盘
10:10:10,61.89,-0.05,322,1994637,卖盘
10:10:16,61.88,-0.01,192,1188253,卖盘
10:10:18,61.88,0.0,42,259901,买盘
10:10:21,61.9,0.02,20,123780,买盘
10:10:25,61.9,0.0,47,291006,买盘
10:10:28,61.9,0.0,21,129978,卖盘
10:10:30,61.9,0.0,82,507660,卖盘
10:10:34,61.95,0.05,76,470820,买盘
10:10:37,61.98,0.03,79,489440,买盘
10:10:39,61.99,0.01,137,849117,买盘
10:10:42,61.9,-0.09,334,2070676,卖盘
10:10:45,62.01,0.11,122,756702,卖盘
10:10:49,61.9,-0.11,42,260137,卖盘
10:10:52,61.89,-0.01,117,724469,卖盘
10:10:55,61.9,0.01,326,2021116,买盘
10:10:58,61.83,-0.07,653,4039754,卖盘
10:11:00,61.82,-0.01,70,432868,卖盘
10:11:04,61.88,0.06,48,296881,买盘
10:11:07,61.82,-0.06,751,4641910,中性盘
10:11:10,61.9,0.08,26,160912,买盘
10:11:12,61.94,0.04,3,18582,买盘
10:11:16,61.88,-0.06,58,359029,卖盘
10:11:18,61.86,-0.02,29,179452,卖盘
10:11:22,61.88,0.02,40,247546,卖盘
10:11:24,61.89,0.01,79,488919,买盘
10:11:28,61.89,0.0,123,761097,买盘
10:11:30,61.89,0.0,27,162028,买盘
10:11:34,61.9,0.01,82,507579,买盘
10:11:36,61.9,0.0,80,495143,卖盘
10:11:40,61.9,0.0,16,99057,卖盘
10:11:43,61.89,-0.01,87,538666,卖盘
10:11:46,61.9,0.01,19,117610,中性盘
10:11:48,61.9,0.0,20,123793,买盘
10:11:51,61.9,0.0,262,1621798,买盘
10:11:55,61.89,-0.01,119,736536,卖盘
10:11:58,61.94,0.05,122,755257,买盘
10:12:01,61.91,-0.03,9,55721,中性盘
10:12:05,61.88,-0.03,37,229043,卖盘
10:12:07,61.93,0.05,69,427100,买盘
10:12:12,61.89,-0.04,38,235269,卖盘
10:12:15,61.88,-0.01,19,117585,卖盘
10:12:18,61.9,0.02,201,1243715,买盘
10:12:22,61.91,0.01,26,160926,买盘
10:12:25,61.9,-0.01,8,49520,卖盘
10:12:28,61.89,-0.01,40,247561,卖盘
10:12:31,61.89,0.0,57,352777,买盘
10:12:34,61.88,-0.01,47,290856,卖盘
10:12:37,61.89,0.01,8,49509,中性盘
10:12:39,61.89,0.0,20,123761,中性盘
10:12:42,61.9,0.01,5,30947,买盘
10:12:46,61.88,-0.02,13,80452,卖盘
10:12:49,61.9,0.02,34,210429,买盘
10:12:51,61.89,-0.01,5,30946,卖盘
10:12:55,61.88,-0.01,46,284694,卖盘
10:12:57,61.88,0.0,24,148538,卖盘
10:13:01,61.88,0.0,84,519811,卖盘
10:13:05,61.88,0.0,69,427008,卖盘
10:13:07,61.9,0.02,121,748889,买盘
10:13:09,61.88,-0.02,37,228980,卖盘
10:13:13,61.89,0.01,58,358905,中性盘
10:13:15,61.86,-0.03,62,383672,卖盘
10:13:19,61.86,0.0,80,494882,卖盘
10:13:21,61.86,0.0,137,847459,买盘
10:13:25,61.86,0.0,61,377371,卖盘
10:13:27,61.86,0.0,98,606172,卖盘
10:13:31,61.87,0.01,19,117577,中性盘
10:13:33,61.89,0.02,22,136113,买盘
10:13:36,61.86,-0.03,23,142285,卖盘
10:13:40,61.87,0.01,2,12374,买盘
10:13:43,61.86,-0.01,26,160877,卖盘
10:13:46,61.89,0.03,17,105182,买盘
10:13:49,61.86,-0.03,17,105195,卖盘
10:13:51,61.88,0.02,22,136115,中性盘
10:13:54,61.88,0.0,2,12376,买盘
10:13:58,61.88,0.0,16,99001,买盘
10:14:01,61.85,-0.03,112,692876,卖盘
10:14:05,61.86,0.01,19,117534,中性盘
10:14:07,61.86,0.0,34,210309,买盘
10:14:09,61.84,-0.02,42,259791,卖盘
10:14:12,61.86,0.02,111,686718,中性盘
10:14:15,61.87,0.01,38,235053,买盘
10:14:18,61.84,-0.03,68,420539,卖盘
10:14:21,61.84,0.0,46,284432,买盘
10:14:24,61.83,-0.01,27,166957,卖盘
10:14:27,61.84,0.01,94,581204,买盘
10:14:30,61.84,0.0,104,643078,买盘
10:14:33,61.84,0.0,42,259697,买盘
10:14:36,61.83,-0.01,66,408105,卖盘
10:14:39,61.83,0.0,32,197846,买盘
10:14:42,61.82,-0.01,285,1761924,卖盘
10:14:45,61.82,0.0,134,828390,买盘
10:14:49,61.82,0.0,152,939683,买盘
10:14:52,61.83,0.01,66,408014,买盘
10:14:55,61.82,-0.01,38,234945,卖盘
10:14:58,61.83,0.01,82,507045,买盘
10:15:00,61.83,0.0,144,890229,买盘
10:15:04,61.83,0.0,33,204012,买盘
10:15:07,61.83,0.0,135,840187,买盘
10:15:10,61.83,0.0,12,74200,卖盘
10:15:12,61.83,0.0,521,3222514,卖盘
10:15:15,61.84,0.01,47,290603,中性盘
10:15:19,61.83,-0.01,218,1347855,卖盘
10:15:22,61.83,0.0,84,519433,买盘
10:15:25,61.83,0.0,20,123660,买盘
10:15:28,61.84,0.01,15,92750,买盘
10:15:30,61.83,-0.01,55,340065,卖盘
10:15:33,61.84,0.01,95,587429,买盘
10:15:37,61.83,-0.01,7,43281,卖盘
10:15:39,61.84,0.01,58,358618,买盘
10:15:43,61.83,-0.01,63,389535,卖盘
10:15:45,61.88,0.05,23,142225,买盘
10:15:49,61.84,-0.04,15,92784,卖盘
10:15:52,61.82,-0.02,205,1267437,卖盘
10:15:55,61.87,0.05,2,12375,中性盘
10:15:57,61.88,0.01,38,235081,买盘
10:16:00,61.82,-0.06,123,760683,卖盘
10:16:04,61.83,0.01,10,61826,中性盘
10:16:07,61.89,0.06,34,210258,买盘
10:16:10,61.87,-0.02,24,148488,买盘
10:16:12,61.87,0.0,39,241299,卖盘
10:16:16,61.88,0.01,35,216550,中性盘
10:16:18,61.87,-0.01,40,247487,卖盘
10:16:21,61.86,-0.01,16,98976,买盘
10:16:25,61.86,0.0,13,80408,买盘
10:16:28,61.86,0.0,150,927883,买盘
10:16:30,61.86,0.0,94,581359,买盘
10:16:33,61.87,0.01,23,142279,买盘
10:16:36,61.86,-0.01,9,55675,卖盘
10:16:40,61.87,0.01,15,92804,买盘
10:16:43,61.86,-0.01,52,321672,卖盘
10:16:46,61.86,0.0,8,49492,卖盘
10:16:48,61.87,0.01,31,191779,买盘
10:16:51,61.87,0.0,86,532074,买盘
10:16:55,61.86,-0.01,13,80424,卖盘
10:16:57,61.86,0.0,16,98980,卖盘
10:17:00,61.88,0.02,124,767181,买盘
10:17:05,61.87,-0.01,28,173270,卖盘
10:17:07,61.87,0.0,44,272293,卖盘
10:17:10,61.93,0.06,218,1344333,买盘
10:17:13,61.9,-0.03,80,495266,卖盘
10:17:15,61.9,0.0,7,43334,卖盘
10:17:18,61.9,0.0,192,1188518,卖盘
10:17:21,61.9,0.0,189,1170141,卖盘
10:17:24,61.94,0.04,16,99104,中性盘
10:17:28,61.95,0.01,86,532505,买盘
10:17:31,61.95,0.0,15,92922,买盘
10:17:33,61.95,0.0,28,173470,卖盘
10:17:37,61.95,0.0,27,167271,卖盘
10:17:39,61.94,-0.01,56,346911,卖盘
10:17:43,61.94,0.0,97,600638,买盘
10:17:45,61.94,0.0,75,464545,买盘
10:17:49,61.93,-0.01,30,185795,中性盘
10:17:52,61.86,-0.07,313,1936568,卖盘
10:17:55,61.94,0.08,19,117686,买盘
10:17:57,61.88,-0.06,109,674961,卖盘
10:18:01,61.88,0.0,252,1558714,卖盘
10:18:04,61.94,0.06,22,136233,卖盘
10:18:07,61.9,-0.04,83,513958,卖盘
10:18:09,61.9,0.0,11,68090,买盘
10:18:12,61.9,0.0,304,1880813,买盘
10:18:16,61.82,-0.08,116,717337,卖盘
10:18:19,61.88,0.06,28,173223,买盘
10:18:21,61.82,-0.06,457,2825093,卖盘
10:18:25,61.88,0.06,265,1637808,买盘
10:18:28,61.82,-0.06,51,315439,卖盘
10:18:30,61.88,0.06,67,414427,买盘
10:18:33,61.9,0.02,502,3107182,买盘
10:18:36,61.9,0.0,129,799239,卖盘
10:18:39,61.92,0.02,8,49536,中性盘
10:18:42,61.94,0.02,2,12386,中性盘
10:18:45,61.94,0.0,11,68132,买盘
10:18:48,61.92,-0.02,32,198184,卖盘
10:18:52,61.93,0.01,30,185801,中性盘
10:18:55,61.94,0.01,3,18582,卖盘
10:18:58,61.95,0.01,155,960412,买盘
10:19:01,61.96,0.01,254,1574567,买盘
10:19:04,61.95,-0.01,23,142494,卖盘
10:19:07,61.95,0.0,39,241759,卖盘
10:19:09,61.95,0.0,129,799682,卖盘
10:19:13,61.96,0.01,40,247809,卖盘
10:19:16,61.96,0.0,36,223115,卖盘
10:19:19,61.97,0.01,27,167323,中性盘
10:19:21,61.95,-0.02,114,706300,卖盘
10:19:25,61.95,0.0,52,322140,买盘
10:19:27,61.94,-0.01,43,266361,卖盘
10:19:31,61.94,0.0,9,55742,买盘
10:19:33,61.91,-0.03,68,421146,卖盘
10:19:37,61.93,0.02,15,92897,中性盘
10:19:40,61.92,-0.01,32,198162,卖盘
10:19:43,61.93,0.01,55,340528,买盘
10:19:45,61.92,-0.01,150,928927,卖盘
10:19:49,61.93,0.01,14,86694,买盘
10:19:51,61.95,0.02,80,495465,买盘
10:19:55,61.95,0.0,15,92925,卖盘
10:19:58,61.95,0.0,28,173457,买盘
10:20:01,61.95,0.0,53,328331,买盘
10:20:04,61.96,0.01,70,433662,买盘
10:20:07,61.95,-0.01,21,130102,卖盘
10:20:09,61.96,0.01,123,761946,买盘
10:20:12,61.96,0.0,47,291211,卖盘
10:20:16,61.96,0.0,5,30980,卖盘
10:20:19,61.95,-0.01,28,173466,卖盘
10:20:22,61.95,0.0,166,1028443,卖盘
10:20:24,61.95,0.0,40,247800,买盘
10:20:28,61.94,-0.01,29,179644,卖盘
10:20:31,61.95,0.01,45,278755,买盘
10:20:33,61.95,0.0,42,260149,买盘
10:20:36,61.96,0.01,81,501776,买盘
10:20:40,61.97,0.01,138,854680,买盘
10:20:43,61.92,-0.05,48,297337,卖盘
10:20:46,61.95,0.03,35,216789,卖盘
10:20:49,61.94,-0.01,67,415098,卖盘
10:20:52,61.96,0.02,167,1034599,买盘
10:20:55,61.92,-0.04,110,681131,卖盘
10:20:58,61.94,0.02,10,61937,买盘
10:21:01,62.02,0.08,391,2425614,买盘
10:21:04,62.0,-0.02,132,818414,卖盘
10:21:07,62.02,0.02,25,155022,买盘
10:21:09,62.0,-0.02,93,576676,卖盘
10:21:13,62.01,0.01,7,43403,中性盘
10:21:15,62.01,0.0,120,744048,买盘
10:21:19,62.0,-0.01,41,254253,卖盘
10:21:22,62.02,0.02,22,136483,卖盘
10:21:25,62.01,-0.01,57,353470,卖盘
10:21:28,62.01,0.0,52,322415,买盘
10:21:31,62.05,0.04,576,3571953,买盘
10:21:33,62.01,-0.04,29,179830,卖盘
10:21:37,62.01,0.0,304,1884843,买盘
10:21:39,62.01,0.0,135,837057,卖盘
10:21:43,62.01,0.0,38,235634,卖盘
10:21:46,62.02,0.01,217,1345434,买盘
10:21:49,62.0,-0.02,29,179836,卖盘
10:21:51,62.01,0.01,40,248042,卖盘
10:21:54,62.01,0.0,42,260423,卖盘
10:21:58,62.01,0.0,131,812235,买盘
10:22:00,61.99,-0.02,96,593210,卖盘
10:22:04,61.97,-0.02,32,198336,卖盘
10:22:07,61.97,0.0,36,223118,卖盘
10:22:10,61.99,0.02,25,154933,买盘
10:22:12,61.97,-0.02,48,297564,卖盘
10:22:15,61.96,-0.01,45,278843,卖盘
10:22:19,61.94,-0.02,20,123898,卖盘
10:22:22,61.96,0.02,22,136311,买盘
10:22:24,62.0,0.04,67,415193,买盘
10:22:28,61.94,-0.06,74,458358,卖盘
10:22:30,61.96,0.02,50,309781,买盘
10:22:34,61.96,0.0,51,316026,卖盘
10:22:37,62.0,0.04,9,55776,买盘
10:22:40,62.0,0.0,115,714699,买盘
10:22:42,62.0,0.0,75,465046,卖盘
10:22:45,62.01,0.01,81,502018,买盘
10:22:49,61.97,-0.04,62,384359,卖盘
10:22:51,62.0,0.03,138,855710,卖盘
10:22:55,62.01,0.01,82,508439,买盘
10:22:57,62.01,0.0,57,353475,卖盘
10:23:01,62.02,0.01,101,626301,买盘
10:23:04,62.02,0.0,122,756664,卖盘
10:23:06,62.02,0.0,70,434144,卖盘
10:23:10,62.0,-0.02,65,403109,卖盘
10:23:12,62.0,0.0,58,359637,卖盘
10:23:16,62.0,0.0,20,123970,买盘
10:23:18,61.98,-0.02,41,254164,卖盘
10:23:21,62.0,0.02,65,403144,买盘
10:23:25,62.0,0.0,15,93002,卖盘
10:23:27,62.0,0.0,37,229394,卖盘
10:23:31,61.99,-0.01,14,86787,卖盘
10:23:33,62.0,0.01,39,241757,买盘
10:23:36,61.97,-0.03,71,440029,卖盘
10:23:39,61.98,0.01,61,378050,买盘
10:23:42,61.96,-0.02,174,1078269,卖盘
10:23:45,61.98,0.02,43,266475,中性盘
10:23:49,61.9,-0.08,286,1771235,卖盘
10:23:51,61.97,0.07,9,55776,中性盘
10:23:54,61.98,0.01,85,526623,买盘
10:23:58,61.95,-0.03,20,123925,中性盘
10:24:01,61.94,-0.01,53,328087,买盘
10:24:04,61.9,-0.04,148,916448,卖盘
10:24:07,61.94,0.04,1,6194,中性盘
10:24:10,61.91,-0.03,11,68112,卖盘
10:24:13,61.92,0.01,39,241431,买盘
10:24:16,61.95,0.03,81,501502,买盘
10:24:18,61.92,-0.03,22,136231,卖盘
10:24:22,61.92,0.0,60,371465,买盘
10:24:25,61.94,0.02,125,773923,买盘
10:24:28,61.92,-0.02,14,86694,卖盘
10:24:30,61.91,-0.01,46,284793,卖盘
10:24:34,61.9,-0.01,76,470488,卖盘
10:24:36,61.9,0.0,117,724348,卖盘
10:24:40,61.94,0.04,144,891455,买盘
10:24:42,61.95,0.01,122,755517,买盘
10:24:45,61.95,0.0,85,526575,卖盘
10:24:48,61.95,0.0,335,2076218,卖盘
10:24:51,61.97,0.02,3,18595,卖盘
10:24:55,61.95,-0.02,80,495707,卖盘
10:24:57,61.97,0.02,2,12392,中性盘
10:25:01,61.97,0.0,37,229227,买盘
10:25:04,61.95,-0.02,47,291189,卖盘
10:25:07,61.94,-0.01,47,291173,卖盘
10:25:09,61.92,-0.02,87,538642,卖盘
10:25:13,61.97,0.05,249,1543287,买盘
10:25:16,61.92,-0.05,33,204336,卖盘
10:25:18,61.91,-0.01,414,2566611,卖盘
10:25:22,61.96,0.05,94,580843,卖盘
10:25:24,61.92,-0.04,62,383801,中性盘
10:25:28,61.97,0.05,34,210498,中性盘
10:25:31,61.96,-0.01,33,204327,卖盘
10:25:34,61.9,-0.06,62,384140,卖盘
10:25:37,61.92,0.02,25,154787,卖盘
10:25:39,61.89,-0.03,91,563233,卖盘
10:25:43,61.89,0.0,16,99024,买盘
10:25:46,61.89,0.0,474,2933138,买盘
10:25:49,61.85,-0.04,354,2190003,卖盘
10:25:51,61.86,0.01,104,643162,中性盘
10:25:55,61.83,-0.03,73,451424,卖盘
10:25:57,61.86,0.03,112,692676,买盘
10:26:00,61.82,-0.04,88,544128,卖盘
10:26:04,61.92,0.1,175,1082511,买盘
10:26:07,61.89,-0.03,115,713358,卖盘
10:26:10,61.82,-0.07,14,86567,卖盘
10:26:13,61.83,0.01,43,265869,买盘
10:26:15,61.86,0.03,143,884275,买盘
10:26:19,61.83,-0.03,66,408160,卖盘
10:26:21,61.85,0.02,13,80396,买盘
10:26:24,61.86,0.01,49,302991,买盘
10:26:28,61.82,-0.04,22,136026,卖盘
10:26:30,61.83,0.01,26,160777,卖盘
10:26:33,61.83,0.0,124,767339,买盘
10:26:36,61.86,0.03,16,98973,买盘
10:26:40,61.83,-0.03,20,123686,卖盘
10:26:42,61.84,0.01,39,241165,买盘
10:26:46,61.84,0.0,115,711145,买盘
10:26:48,61.84,0.0,40,247340,买盘
10:26:52,61.84,0.0,52,321523,买盘
10:26:55,61.84,0.0,66,408091,买盘
10:26:58,61.83,-0.01,326,2015487,卖盘
10:27:00,61.84,0.01,127,785502,买盘
10:27:04,61.83,-0.01,146,902806,卖盘
10:27:06,61.8,-0.03,237,1465089,卖盘
10:27:09,61.8,0.0,272,1681023,卖盘
10:27:12,61.8,0.0,22,135977,卖盘
10:27:16,61.82,0.02,111,686072,买盘
10:27:18,61.8,-0.02,54,333744,卖盘
10:27:22,61.8,0.0,55,339934,卖盘
10:27:24,61.83,0.03,66,407922,买盘
10:27:27,61.82,-0.01,33,204002,卖盘
10:27:30,61.83,0.01,66,407980,买盘
10:27:34,61.83,0.0,80,494696,卖盘
10:27:36,61.82,-0.01,174,1075800,卖盘
10:27:40,61.81,-0.01,40,247248,卖盘
10:27:42,61.82,0.01,121,747997,买盘
10:27:46,61.82,0.0,72,445084,买盘
10:27:49,61.81,-0.01,44,271978,卖盘
10:27:51,61.82,0.01,35,216363,买盘
10:27:55,61.82,0.0,68,420335,买盘
10:27:57,61.81,-0.01,31,191611,卖盘
10:28:01,61.8,-0.01,468,2895052,卖盘
10:28:04,61.8,0.0,139,858971,买盘
10:28:07,61.79,-0.01,550,3398921,卖盘
10:28:09,61.8,0.01,71,438780,买盘
10:28:13,61.82,0.02,52,321381,买盘
10:28:15,61.8,-0.02,146,902470,卖盘
10:28:19,61.79,-0.01,54,333671,卖盘
10:28:22,61.8,0.01,11,67980,买盘
10:28:24,61.8,0.0,130,803346,买盘
10:28:28,61.8,0.0,122,753822,买盘
10:28:31,61.8,0.0,75,463418,卖盘
10:28:33,61.79,-0.01,65,401699,卖盘
10:28:36,61.8,0.01,26,160670,买盘
10:28:40,61.79,-0.01,312,1928131,卖盘
10:28:43,61.79,0.0,8,49439,卖盘
10:28:46,61.79,0.0,70,432531,卖盘
10:28:49,61.77,-0.02,478,2953121,卖盘
10:28:52,61.79,0.02,343,2119382,买盘
10:28:54,61.79,0.0,436,2693270,买盘
10:28:58,61.77,-0.02,16,98839,卖盘
10:29:00,61.78,0.01,382,2359568,中性盘
10:29:04,61.77,-0.01,227,1402013,卖盘
10:29:06,61.77,0.0,161,994412,买盘
10:29:10,61.77,0.0,104,642368,买盘
10:29:13,61.77,0.0,148,914209,买盘
10:29:16,61.77,0.0,17,105011,卖盘
10:29:19,61.78,0.01,18,111195,买盘
10:29:22,61.78,0.0,715,4415388,买盘
10:29:24,61.77,-0.01,29,179142,卖盘
10:29:28,61.77,0.0,43,265600,卖盘
10:29:30,61.76,-0.01,522,3224667,卖盘
10:29:33,61.77,0.01,89,549739,买盘
10:29:37,61.78,0.01,27,166780,买盘
10:29:40,61.77,-0.01,136,840181,卖盘
10:29:42,61.79,0.02,139,858749,买盘
10:29:46,61.79,0.0,306,1890533,买盘
10:29:49,61.75,-0.04,577,3564750,卖盘
10:29:52,61.79,0.04,47,290406,中性盘
10:29:54,61.78,-0.01,207,1278894,卖盘
10:29:57,61.78,0.0,61,376858,买盘
10:30:01,61.78,0.0,59,364486,买盘
10:30:05,61.79,0.01,63,389153,买盘
10:30:07,61.78,-0.01,18,111204,卖盘
10:30:09,61.78,0.0,36,222432,卖盘
10:30:12,61.79,0.01,49,302765,买盘
10:30:15,61.79,0.0,31,191562,卖盘
10:30:19,61.8,0.01,35,216317,中性盘
10:30:22,61.83,0.03,180,1109985,买盘
10:30:25,61.85,0.02,117,723176,买盘
10:30:28,61.86,0.01,39,241179,买盘
10:30:30,61.79,-0.07,126,779290,卖盘
10:30:33,61.86,0.07,196,1212456,买盘
10:30:37,61.85,-0.01,49,303128,卖盘
10:30:39,61.85,0.0,16,98960,买盘
10:30:42,61.9,0.05,259,1601896,买盘
10:30:46,61.86,-0.04,3,18559,中性盘
10:30:49,61.9,0.04,27,167066,买盘
10:30:52,61.85,-0.05,85,525785,卖盘
10:30:54,61.9,0.05,34,212428,买盘
10:30:57,61.85,-0.05,110,680467,卖盘
10:31:01,61.85,0.0,51,315502,卖盘
10:31:04,61.9,0.05,69,426891,卖盘
10:31:06,61.92,0.02,34,210415,买盘
10:31:09,61.92,0.0,22,136173,中性盘
10:31:12,61.85,-0.07,19,115563,卖盘
10:31:16,61.92,0.07,89,550885,买盘
10:31:19,61.92,0.0,56,346579,卖盘
10:31:22,61.9,-0.02,7,43340,卖盘
10:31:24,61.84,-0.06,84,521030,卖盘
10:31:28,61.85,0.01,107,661792,卖盘
10:31:30,61.84,-0.01,123,760848,卖盘
10:31:34,61.85,0.01,18,111318,买盘
10:31:37,61.85,0.0,31,191735,买盘
10:31:40,61.79,-0.06,494,3052597,卖盘
10:31:43,61.85,0.06,295,1823285,买盘
10:31:46,61.85,0.0,23,143777,买盘
10:31:48,61.86,0.01,56,346363,中性盘
10:31:51,61.8,-0.06,58,358740,卖盘
10:31:55,61.88,0.08,341,2110102,买盘
10:31:57,61.84,-0.04,5,30909,卖盘
10:32:00,61.81,-0.03,32,197908,卖盘
10:32:05,61.85,0.04,51,315476,中性盘
10:32:07,61.85,0.0,50,309392,卖盘
10:32:10,61.85,0.0,27,167135,卖盘
10:32:13,61.86,0.01,48,296888,中性盘
10:32:16,61.85,-0.01,53,327809,卖盘
10:32:18,61.85,0.0,18,111330,买盘
10:32:22,61.84,-0.01,37,228877,卖盘
10:32:24,61.83,-0.01,32,197905,卖盘
10:32:27,61.82,-0.01,9,55647,卖盘
10:32:30,61.84,0.02,15,92760,买盘
10:32:34,61.82,-0.02,8,49460,卖盘
10:32:36,61.82,0.0,8,49456,买盘
10:32:39,61.83,0.01,423,2614295,买盘
10:32:43,61.83,0.0,53,327649,中性盘
10:32:45,61.81,-0.02,61,377065,卖盘
10:32:49,61.81,0.0,136,840611,买盘
10:32:51,61.81,0.0,32,197773,买盘
10:32:55,61.81,0.0,338,2088877,买盘
10:32:57,61.81,0.0,110,679841,卖盘
10:33:01,61.81,0.0,98,605661,卖盘
10:33:04,61.81,0.0,20,123606,中性盘
10:33:07,61.81,0.0,147,908477,买盘
10:33:10,61.81,0.0,15,92711,买盘
10:33:13,61.8,-0.01,115,710802,卖盘
10:33:16,61.81,0.01,114,704548,买盘
10:33:18,61.81,0.0,11,67983,买盘
10:33:22,61.8,-0.01,6,37082,卖盘
10:33:24,61.8,0.0,88,543842,卖盘
10:33:28,61.8,0.0,80,492855,卖盘
10:33:30,61.8,0.0,58,358435,买盘
10:33:34,61.8,0.0,33,203922,买盘
10:33:37,61.8,0.0,21,129773,买盘
10:33:40,61.79,-0.01,83,512897,卖盘
10:33:43,61.8,0.01,71,438717,买盘
10:33:46,61.79,-0.01,63,389230,中性盘
10:33:48,61.79,0.0,30,185354,买盘
10:33:51,61.79,0.0,26,160658,买盘
10:33:54,61.78,-0.01,85,525150,卖盘
10:33:57,61.78,0.0,54,333619,卖盘
10:34:01,61.78,0.0,30,185333,买盘
10:34:05,61.78,0.0,27,166784,买盘
10:34:07,61.78,0.0,12,74132,买盘
10:34:10,61.77,-0.01,51,315040,卖盘
10:34:12,61.78,0.01,16,98835,买盘
10:34:15,61.78,0.0,190,1173642,买盘
10:34:18,61.77,-0.01,53,327429,卖盘
10:34:22,61.78,0.01,19,117377,卖盘
10:34:25,61.79,0.01,19,117392,买盘
10:34:28,61.78,-0.01,87,537514,卖盘
10:34:30,61.77,-0.01,31,191498,卖盘
10:34:34,61.78,0.01,55,339768,买盘
10:34:36,61.78,0.0,15,92667,买盘
10:34:40,61.78,0.0,134,827852,买盘
10:34:42,61.77,-0.01,472,2917533,卖盘
10:34:46,61.77,0.0,75,461735,卖盘
10:34:49,61.76,-0.01,63,389142,卖盘
10:34:51,61.76,0.0,88,543512,卖盘
10:34:55,61.76,0.0,34,209986,卖盘
10:34:57,61.76,0.0,547,3378802,卖盘
10:35:00,61.79,0.03,26,162146,买盘
10:35:04,61.78,-0.01,49,302722,买盘
10:35:07,61.78,0.0,19,117394,卖盘
10:35:10,61.76,-0.02,53,327384,卖盘
10:35:13,61.76,0.0,61,375198,卖盘
10:35:16,61.8,0.04,158,977858,买盘
10:35:19,61.79,-0.01,334,2064119,中性盘
10:35:21,61.8,0.01,20,120202,买盘
10:35:25,61.82,0.02,28,173075,买盘
10:35:27,61.79,-0.03,143,883735,卖盘
10:35:31,61.83,0.04,3,18551,买盘
10:35:34,61.82,-0.01,14,86550,卖盘
10:35:36,61.85,0.03,2,12370,中性盘
10:35:40,61.84,-0.01,59,364831,中性盘
10:35:42,61.84,0.0,43,265957,卖盘
10:35:46,61.86,0.02,13,80414,买盘
10:35:48,61.85,-0.01,8,49489,中性盘
10:35:52,61.85,0.0,4,24744,卖盘
10:35:55,61.85,0.0,15,92808,卖盘
10:35:58,61.86,0.01,14,86600,买盘
10:36:01,61.85,-0.01,74,457698,卖盘
10:36:04,61.89,0.04,391,2418376,买盘
10:36:07,61.81,-0.08,90,558899,卖盘
10:36:10,61.89,0.08,44,272213,买盘
10:36:13,61.84,-0.05,110,680355,卖盘
10:36:16,61.84,0.0,4,24736,买盘
10:36:19,61.84,0.0,31,191695,买盘
10:36:22,61.84,0.0,18,111306,买盘
10:36:25,61.82,-0.02,47,290692,卖盘
10:36:27,61.84,0.02,35,216400,买盘
10:36:31,61.84,0.0,27,166976,卖盘
10:36:34,61.84,0.0,314,1942070,卖盘
10:36:37,61.85,0.01,14,86589,中性盘
10:36:39,61.85,0.0,56,346420,卖盘
10:36:43,61.85,0.0,34,210345,卖盘
10:36:45,61.89,0.04,1,6189,买盘
10:36:49,61.88,-0.01,36,222774,卖盘
10:36:51,61.89,0.01,25,154718,买盘
10:36:55,61.89,0.0,10,61890,卖盘
10:36:58,61.9,0.01,17,105219,买盘
10:37:01,61.89,-0.01,95,588001,卖盘
10:37:04,61.89,0.0,62,383763,卖盘
10:37:07,61.88,-0.01,76,470370,卖盘
10:37:09,61.88,0.0,55,340370,卖盘
10:37:13,61.89,0.01,9,55701,买盘
10:37:15,61.89,0.0,84,519864,买盘
10:37:19,61.88,-0.01,66,408443,卖盘
10:37:21,61.89,0.01,80,495050,买盘
10:37:25,61.88,-0.01,26,160884,卖盘
10:37:28,61.89,0.01,9,55699,买盘
10:37:31,61.88,-0.01,42,259917,卖盘
10:37:34,61.88,0.0,36,222776,卖盘
10:37:36,61.88,0.0,23,142324,买盘
10:37:40,61.88,0.0,12,74256,买盘
10:37:42,61.89,0.01,195,1206503,买盘
10:37:45,61.88,-0.01,5,30939,中性盘
10:37:49,61.89,0.01,12,74259,买盘
10:37:52,61.88,-0.01,21,129948,卖盘
10:37:54,61.88,0.0,35,216585,卖盘
10:37:58,61.88,0.0,54,334151,买盘
10:38:00,61.88,0.0,12,74256,买盘
10:38:04,61.88,0.0,460,2846466,买盘
10:38:07,61.87,-0.01,26,160873,卖盘
10:38:10,61.89,0.02,52,321771,买盘
10:38:12,61.88,-0.01,23,142343,中性盘
10:38:16,61.87,-0.01,39,241296,卖盘
10:38:19,61.89,0.02,124,767218,买盘
10:38:22,61.88,-0.01,3,18564,中性盘
10:38:25,61.88,0.0,4,24752,卖盘
10:38:28,61.88,0.0,10,61889,卖盘
10:38:30,61.9,0.02,170,1052134,买盘
10:38:34,61.88,-0.02,83,513604,卖盘
10:38:37,61.88,0.0,11,68068,买盘
10:38:40,61.87,-0.01,39,241302,卖盘
10:38:42,61.88,0.01,84,519775,买盘
10:38:45,61.87,-0.01,5,30935,中性盘
10:38:49,61.87,0.0,7,43306,买盘
10:38:51,61.86,-0.01,18,111355,卖盘
10:38:55,61.86,0.0,26,160849,卖盘
10:38:58,61.87,0.01,15,92791,买盘
10:39:01,61.87,0.0,12,74240,买盘
10:39:05,61.86,-0.01,27,167026,卖盘
10:39:07,61.86,0.0,74,457804,卖盘
10:39:10,61.86,0.0,18,111355,卖盘
10:39:12,61.86,0.0,56,346417,卖盘
10:39:16,61.86,0.0,25,154649,买盘
10:39:19,61.86,0.0,75,463946,买盘
10:39:22,61.86,0.0,15,92789,买盘
10:39:24,61.85,-0.01,51,315470,卖盘
10:39:27,61.8,-0.05,622,3842539,卖盘
10:39:30,61.85,0.05,101,626638,买盘
10:39:33,61.85,0.0,65,399566,卖盘
10:39:36,61.84,-0.01,7,43291,卖盘
10:39:39,61.84,0.0,12,74219,卖盘
10:39:42,61.85,0.01,5,30925,买盘
10:39:45,61.85,0.0,10,61850,买盘
10:39:48,61.84,-0.01,248,1533880,卖盘
10:39:52,61.85,0.01,9,55664,买盘
10:39:54,61.85,0.0,11,68035,中性盘
10:39:58,61.84,-0.01,47,290667,卖盘
10:40:01,61.85,0.01,293,1812754,买盘
10:40:04,61.84,-0.01,85,525699,卖盘
10:40:06,61.87,0.03,57,352629,买盘
10:40:10,61.85,-0.02,74,457736,卖盘
10:40:12,61.86,0.01,40,247391,买盘
10:40:16,61.86,0.0,38,235078,买盘
10:40:19,61.87,0.01,30,188023,买盘
10:40:22,61.89,0.02,190,1175740,买盘
10:40:24,61.87,-0.02,131,810693,卖盘
10:40:27,61.88,0.01,56,346479,买盘
10:40:30,61.88,0.0,28,173301,卖盘
10:40:33,61.88,0.0,135,835630,卖盘
10:40:37,61.9,0.02,127,786130,买盘
10:40:40,61.9,0.0,36,222864,卖盘
10:40:43,61.92,0.02,15,92876,买盘
10:40:46,61.93,0.01,222,1376835,买盘
10:40:48,61.93,0.0,4,24772,卖盘
10:40:51,61.92,-0.01,172,1063222,卖盘
10:40:55,61.92,0.0,35,216749,卖盘
10:40:57,61.92,0.0,10,61920,买盘
10:41:00,61.93,0.01,29,179578,买盘
10:41:05,61.92,-0.01,189,1170436,卖盘
10:41:07,61.91,-0.01,91,563413,买盘
10:41:10,61.93,0.02,7,44704,中性盘
10:41:13,61.91,-0.02,17,105259,卖盘
10:41:16,61.94,0.03,18,111466,买盘
10:41:19,62.0,0.06,590,3654975,买盘
10:41:22,62.01,0.01,4,24802,买盘
10:41:25,62.0,-0.01,109,675800,卖盘
10:41:27,62.01,0.01,1,6201,买盘
10:41:30,62.01,0.0,30,186030,买盘
10:41:33,62.0,-0.01,59,365855,卖盘
10:41:37,62.02,0.02,14,86826,买盘
10:41:40,62.03,0.01,78,483719,买盘
10:41:43,62.02,-0.01,1,6202,中性盘
10:41:46,62.03,0.01,13,80632,买盘
10:41:48,62.04,0.01,220,1364949,买盘
10:41:51,62.04,0.0,33,204732,卖盘
10:41:54,62.04,0.0,33,204718,卖盘
10:41:58,62.06,0.02,10,64474,买盘
10:42:00,62.05,-0.01,5,31023,中性盘
10:42:04,62.05,0.0,23,142727,卖盘
10:42:07,62.06,0.01,35,217209,买盘
10:42:10,62.07,0.01,55,341331,买盘
10:42:13,62.06,-0.01,33,204806,卖盘
10:42:16,62.07,0.01,22,136534,买盘
10:42:18,62.06,-0.01,9,55862,卖盘
10:42:21,62.08,0.02,33,204843,买盘
10:42:24,62.08,0.0,13,80698,买盘
10:42:28,62.07,-0.01,36,223439,卖盘
10:42:31,62.07,0.0,23,142750,买盘
10:42:34,62.07,0.0,234,1452214,买盘
10:42:37,62.06,-0.01,52,322734,卖盘
10:42:39,62.06,0.0,57,353756,卖盘
10:42:43,62.02,-0.04,77,475254,卖盘
10:42:45,62.05,0.03,80,496355,买盘
10:42:48,62.04,-0.01,69,427908,中性盘
10:42:52,62.0,-0.04,815,5053080,卖盘
10:42:55,62.0,0.0,43,268372,卖盘
10:42:58,62.0,0.0,157,973397,买盘
10:43:01,62.0,0.0,22,136376,买盘
10:43:04,62.0,0.0,46,285111,买盘
10:43:07,61.99,-0.01,5,30991,中性盘
10:43:10,61.97,-0.02,76,471023,卖盘
10:43:12,61.97,0.0,27,167276,买盘
10:43:16,61.97,0.0,15,92947,买盘
10:43:19,61.95,-0.02,21,130131,卖盘
10:43:21,61.95,0.0,24,148694,卖盘
10:43:25,61.96,0.01,17,105318,买盘
10:43:28,61.95,-0.01,128,793135,卖盘
10:43:31,61.96,0.01,38,235450,买盘
10:43:33,61.95,-0.01,107,663011,卖盘
10:43:36,61.96,0.01,18,111538,卖盘
10:43:40,61.98,0.02,205,1270363,买盘
10:43:43,61.97,-0.01,49,303659,卖盘
10:43:45,61.97,0.0,6,37182,卖盘
10:43:49,61.97,0.0,32,198324,卖盘
10:43:51,61.98,0.01,40,247911,买盘
10:43:55,61.97,-0.01,60,371848,卖盘
10:43:58,61.98,0.01,38,235500,买盘
10:44:01,61.99,0.01,40,247899,买盘
10:44:04,61.99,0.0,46,285126,买盘
10:44:07,61.99,0.0,2,12398,买盘
10:44:10,61.99,0.0,20,123980,买盘
10:44:12,61.99,0.0,19,117795,卖盘
10:44:16,62.0,0.01,4,24798,买盘
10:44:19,61.99,-0.01,20,123983,卖盘
10:44:21,62.0,0.01,561,3476401,买盘
10:44:25,61.98,-0.02,103,638542,卖盘
10:44:27,62.0,0.02,12,74400,中性盘
10:44:30,62.0,0.0,7,43405,中性盘
10:44:34,62.01,0.01,24,148819,买盘
10:44:36,62.01,0.0,1,6201,卖盘
10:44:39,62.01,0.0,11,68211,卖盘
10:44:42,62.01,0.0,88,545688,卖盘
10:44:46,62.01,0.0,22,136414,买盘
10:44:49,62.01,0.0,21,130211,买盘
10:44:52,62.01,0.0,82,508423,买盘
10:44:54,62.02,0.01,26,161247,买盘
10:44:58,62.02,0.0,1,6202,卖盘
10:45:00,62.03,0.01,41,254316,买盘
10:45:04,62.03,0.0,56,347355,买盘
10:45:07,62.04,0.01,41,254385,买盘
10:45:10,62.05,0.01,86,533598,买盘
10:45:12,62.06,0.01,326,2023156,买盘
10:45:16,62.05,-0.01,27,167542,卖盘
10:45:19,62.05,0.0,9,55847,卖盘
10:45:21,62.06,0.01,52,322725,买盘
10:45:24,62.05,-0.01,343,2128878,卖盘
10:45:27,62.06,0.01,39,242002,买盘
10:45:30,62.06,0.0,21,130326,卖盘
10:45:34,62.06,0.0,47,291705,卖盘
10:45:36,62.07,0.01,5,31032,买盘
10:45:40,62.07,0.0,2,12413,买盘
10:45:42,62.07,0.0,37,229659,买盘
10:45:45,62.06,-0.01,112,695130,卖盘
10:45:49,62.05,-0.01,296,1837147,卖盘
10:45:52,62.05,0.0,61,378586,卖盘
10:45:55,62.05,0.0,74,459216,卖盘
10:45:58,62.07,0.02,33,204817,买盘
10:46:01,62.1,0.03,949,5893593,买盘
10:46:04,62.11,0.01,38,235983,买盘
10:46:07,62.07,-0.04,61,378684,卖盘
10:46:10,62.11,0.04,4,24844,买盘
10:46:12,62.07,-0.04,36,223491,卖盘
10:46:16,62.1,0.03,17,105556,买盘
10:46:18,62.1,0.0,21,130404,买盘
10:46:21,62.1,0.0,9,55890,买盘
10:46:25,62.1,0.0,35,217334,买盘
10:46:28,62.09,-0.01,62,384954,卖盘
10:46:31,62.09,0.0,20,124155,买盘
10:46:34,62.09,0.0,222,1378022,买盘
10:46:37,62.09,0.0,49,304239,买盘
10:46:40,62.08,-0.01,250,1551775,中性盘
10:46:42,62.08,0.0,93,577256,卖盘
10:46:46,62.09,0.01,514,3191415,买盘
10:46:48,62.07,-0.02,56,347649,卖盘
10:46:51,62.07,0.0,114,707600,卖盘
10:46:55,62.08,0.01,44,273129,买盘
10:46:57,62.07,-0.01,45,279332,卖盘
10:47:01,62.08,0.01,28,173814,买盘
10:47:04,62.07,-0.01,392,2432284,卖盘
10:47:07,62.06,-0.01,11,68275,卖盘
10:47:09,62.06,0.0,16,99306,卖盘
10:47:13,62.06,0.0,53,328932,卖盘
10:47:16,62.06,0.0,10,62060,买盘
10:47:18,62.05,-0.01,198,1228776,卖盘
10:47:21,62.05,0.0,101,626781,卖盘
10:47:25,62.06,0.01,44,273043,买盘
10:47:27,62.05,-0.01,42,260610,卖盘
10:47:31,62.05,0.0,51,316408,买盘
10:47:33,62.03,-0.02,34,210928,卖盘
10:47:37,62.04,0.01,124,769400,中性盘
10:47:39,62.04,0.0,15,93071,卖盘
10:47:43,62.04,0.0,223,1383893,卖盘
10:47:45,62.03,-0.01,44,272998,卖盘
10:47:48,62.05,0.02,30,186166,卖盘
10:47:51,62.06,0.01,80,496342,中性盘
10:47:54,62.06,0.0,35,217202,买盘
10:47:58,62.06,0.0,30,186153,买盘
10:48:00,62.06,0.0,44,273061,买盘
10:48:04,62.05,-0.01,11,68255,卖盘
10:48:07,62.05,0.0,22,136510,卖盘
10:48:10,62.06,0.01,62,384718,买盘
10:48:12,62.04,-0.02,160,992946,卖盘
10:48:15,62.05,0.01,29,179945,中性盘
10:48:18,62.04,-0.01,12,74456,卖盘
10:48:22,62.06,0.02,25,155115,买盘
10:48:25,62.06,0.0,70,434413,买盘
10:48:28,62.06,0.0,226,1402334,买盘
10:48:30,62.03,-0.03,41,254372,卖盘
10:48:33,62.04,0.01,34,210926,中性盘
10:48:37,62.04,0.0,65,403284,买盘
10:48:43,62.04,0.0,10,62035,买盘
10:48:46,62.04,0.0,30,186140,买盘
10:48:48,62.04,0.0,37,229548,卖盘
10:48:51,62.05,0.01,10,62047,买盘
10:48:55,62.06,0.01,40,248189,买盘
10:48:57,62.04,-0.02,19,117880,卖盘
10:49:01,62.05,0.01,23,142710,买盘
10:49:05,62.05,0.0,277,1719028,卖盘
10:49:07,62.05,0.0,55,341305,卖盘
10:49:09,62.07,0.02,69,428201,买盘
10:49:13,62.06,-0.01,98,608124,中性盘
10:49:15,62.03,-0.03,1054,6538892,卖盘
10:49:18,62.05,0.02,19,117883,买盘
10:49:22,62.03,-0.02,16,99282,卖盘
10:49:25,62.03,0.0,3,18609,卖盘
10:49:28,62.03,0.0,21,130291,卖盘
10:49:31,62.04,0.01,14,86854,买盘
10:49:34,62.03,-0.01,23,142670,卖盘
10:49:37,62.04,0.01,159,986352,买盘
10:49:40,62.03,-0.01,27,167485,卖盘
10:49:43,62.05,0.02,865,5365761,买盘
10:49:45,62.07,0.02,1422,8826282,买盘
10:49:49,62.04,-0.03,51,316456,卖盘
10:49:51,62.03,-0.01,53,329022,卖盘
10:49:55,62.03,0.0,8,49626,卖盘
10:49:57,62.03,0.0,62,384587,卖盘
10:50:01,62.03,0.0,25,155078,卖盘
10:50:05,62.03,0.0,44,272963,卖盘
10:50:07,62.04,0.01,42,260553,买盘
10:50:10,62.04,0.0,11,68242,买盘
10:50:13,62.03,-0.01,14,86871,卖盘
10:50:16,62.03,0.0,37,229560,卖盘
10:50:19,62.04,0.01,55,341220,中性盘
10:50:22,62.03,-0.01,56,347395,卖盘
10:50:24,62.03,0.0,56,347381,卖盘
10:50:28,62.03,0.0,36,223316,卖盘
10:50:30,62.03,0.0,6,37218,买盘
10:50:34,62.02,-0.01,42,260484,卖盘
10:50:36,62.01,-0.01,223,1383045,卖盘
10:50:39,62.02,0.01,7,43414,买盘
10:50:43,62.01,-0.01,27,167429,卖盘
10:50:45,62.01,0.0,22,136422,卖盘
10:50:48,62.01,0.0,18,111619,卖盘
10:50:52,62.02,0.01,54,334856,买盘
10:50:54,62.01,-0.01,28,173628,卖盘
10:50:57,62.01,0.0,20,124021,买盘
10:51:00,62.0,-0.01,26,161219,卖盘
10:51:04,62.01,0.01,86,533271,买盘
10:51:06,62.01,0.0,204,1264839,卖盘
10:51:10,62.0,-0.01,9,55798,买盘
10:51:12,62.0,0.0,41,254169,买盘
10:51:16,62.0,0.0,20,123995,买盘
10:51:18,62.0,0.0,8,49597,买盘
10:51:22,61.99,-0.01,71,440193,卖盘
10:51:24,62.0,0.01,22,136381,买盘
10:51:28,61.99,-0.01,42,260358,卖盘
10:51:31,62.0,0.01,13,80588,买盘
10:51:34,61.99,-0.01,38,235572,卖盘
10:51:36,61.99,0.0,21,130179,卖盘
10:51:40,61.99,0.0,11,68197,卖盘
10:51:42,61.99,0.0,9,55793,卖盘
10:51:46,61.99,0.0,49,303752,卖盘
10:51:48,61.99,0.0,24,148776,卖盘
10:51:52,61.98,-0.01,5,30992,卖盘
10:51:54,62.0,0.02,559,3465548,买盘
10:51:57,62.0,0.0,25,155000,卖盘
10:52:00,62.0,0.0,17,105400,卖盘
10:52:04,62.0,0.0,25,155004,卖盘
10:52:06,62.0,0.0,101,626251,卖盘
10:52:09,62.0,0.0,3,18600,卖盘
10:52:13,62.01,0.01,48,297607,买盘
10:52:15,62.0,-0.01,56,347223,卖盘
10:52:19,62.0,0.0,211,1308202,卖盘
10:52:22,62.01,0.01,8,49602,买盘
10:52:25,62.0,-0.01,36,223201,卖盘
10:52:27,62.0,0.0,7,43405,卖盘
10:52:31,62.0,0.0,17,105410,卖盘
10:52:33,62.0,0.0,49,303801,卖盘
10:52:36,62.0,0.0,107,663401,卖盘
10:52:39,62.0,0.0,33,204600,买盘
10:52:43,61.99,-0.01,26,161195,卖盘
10:52:46,61.99,0.0,67,415332,卖盘
10:52:49,61.98,-0.01,5,30991,卖盘
10:52:51,61.98,0.0,28,173554,卖盘
10:52:55,61.98,0.0,18,111572,买盘
10:52:57,61.97,-0.01,29,179713,卖盘
10:53:01,61.98,0.01,31,192141,买盘
10:53:04,61.96,-0.02,195,1208411,卖盘
10:53:07,61.97,0.01,5,30985,买盘
10:53:09,62.0,0.03,333,2064262,买盘
10:53:12,62.0,0.0,33,204600,卖盘
10:53:15,62.0,0.0,36,223200,卖盘
10:53:19,62.01,0.01,28,173604,买盘
10:53:22,62.0,-0.01,13,80601,卖盘
10:53:24,62.0,0.0,4,24800,卖盘
10:53:28,62.0,0.0,48,297613,卖盘
10:53:31,62.01,0.01,14,86801,买盘
10:53:34,62.0,-0.01,27,167400,卖盘
10:53:37,62.0,0.0,59,365801,卖盘
10:53:39,62.0,0.0,7,43400,买盘
10:53:43,61.99,-0.01,31,192169,卖盘
10:53:45,61.99,0.0,43,266531,买盘
10:53:48,61.99,0.0,23,142558,买盘
10:53:52,61.98,-0.01,84,520632,卖盘
10:53:55,61.97,-0.01,10,61970,卖盘
10:53:58,61.97,0.0,42,260305,卖盘
10:54:00,61.97,0.0,14,86758,卖盘
10:54:05,61.97,0.0,111,687886,卖盘
10:54:07,61.94,-0.03,450,2787999,卖盘
10:54:10,61.95,0.01,1,6195,买盘
10:54:12,61.93,-0.02,2,12386,卖盘
10:54:16,61.93,0.0,157,972339,卖盘
10:54:19,61.92,-0.01,101,625487,卖盘
10:54:22,61.93,0.01,90,557262,买盘
10:54:25,61.9,-0.03,52,321913,卖盘
10:54:27,61.9,0.0,5,30951,卖盘
10:54:30,62.0,0.1,727,4504575,买盘
10:54:34,61.95,-0.05,37,229215,卖盘
10:54:37,61.95,0.0,9,55755,卖盘
10:54:40,61.91,-0.04,319,1976085,卖盘
10:54:43,61.91,0.0,13,80531,卖盘
10:54:45,61.92,0.01,15,92911,中性盘
10:54:49,61.91,-0.01,215,1331068,卖盘
10:54:51,61.91,0.0,9,55721,卖盘
10:54:55,61.91,0.0,85,526235,卖盘
10:54:57,61.9,-0.01,131,809529,卖盘
10:55:01,61.9,0.0,5,30949,买盘
10:55:05,61.9,0.0,47,290912,买盘
10:55:07,61.9,0.0,217,1343196,买盘
10:55:13,61.88,-0.02,13,80451,卖盘
10:55:15,61.88,0.0,81,501228,卖盘
10:55:19,61.87,-0.01,116,717805,卖盘
10:55:21,61.87,0.0,39,241327,卖盘
10:55:25,61.87,0.0,8,49501,卖盘
10:55:28,61.87,0.0,17,105183,卖盘
10:55:31,61.87,0.0,107,662060,卖盘
10:55:34,61.87,0.0,29,179446,卖盘
10:55:37,61.87,0.0,13,80433,卖盘
10:55:40,61.87,0.0,40,247509,卖盘
10:55:42,61.89,0.02,35,216583,买盘
10:55:46,61.9,0.01,79,488945,买盘
10:55:48,61.9,0.0,84,520042,卖盘
10:55:52,61.9,0.0,3,18570,卖盘
10:55:55,61.9,0.0,4,24760,卖盘
10:55:57,61.93,0.03,202,1250099,买盘
10:56:01,61.9,-0.03,24,148592,卖盘
10:56:05,61.93,0.03,29,179598,卖盘
10:56:07,61.94,0.01,15,92897,买盘
10:56:09,61.93,-0.01,12,74316,卖盘
10:56:16,61.93,0.0,20,123861,卖盘
10:56:18,61.93,0.0,30,185798,卖盘
10:56:22,61.93,0.0,25,154833,卖盘
10:56:25,61.92,-0.01,9,55732,卖盘
10:56:28,61.92,0.0,4,24769,卖盘
10:56:31,61.92,0.0,2,12384,卖盘
10:56:34,61.92,0.0,90,557346,卖盘
10:56:37,61.91,-0.01,25,154790,卖盘
10:56:39,61.92,0.01,8,49535,买盘
10:56:43,61.92,0.0,20,123839,买盘
10:56:45,61.92,0.0,48,297216,卖盘
10:56:48,61.92,0.0,47,291029,卖盘
10:56:52,61.92,0.0,16,99073,卖盘
10:56:54,61.93,0.01,14,86696,买盘
10:56:57,61.92,-0.01,31,191959,卖盘
10:57:01,61.92,0.0,9,53994,卖盘
10:57:04,61.91,-0.01,13,80483,卖盘
10:57:07,61.91,0.0,2,12382,卖盘
10:57:09,61.91,0.0,14,86684,卖盘
10:57:12,61.91,0.0,16,99066,卖盘
10:57:16,61.92,0.01,31,191926,买盘
10:57:19,61.91,-0.01,42,260024,卖盘
10:57:22,61.92,0.01,17,105255,买盘
10:57:24,61.91,-0.01,9,57450,卖盘
10:57:27,61.91,0.0,12,74292,买盘
10:57:31,61.91,0.0,30,185702,买盘
10:57:34,61.9,-0.01,31,191908,卖盘
10:57:36,61.91,0.01,5,30955,买盘
10:57:40,61.9,-0.01,21,129993,卖盘
10:57:43,61.91,0.01,75,464323,买盘
10:57:45,61.9,-0.01,11,68090,卖盘
10:57:48,61.9,0.0,69,427126,卖盘
10:57:55,61.89,-0.01,3,18568,卖盘
10:57:58,61.9,0.01,6,37139,买盘
10:58:00,61.9,0.0,13,80470,买盘
10:58:05,61.9,0.0,9,55702,买盘
10:58:07,61.89,-0.01,10,61891,卖盘
10:58:10,61.92,0.03,127,786262,买盘
10:58:12,61.9,-0.02,299,1853870,卖盘
10:58:16,61.9,0.0,132,817150,卖盘
10:58:18,61.89,-0.01,151,935014,卖盘
10:58:22,61.9,0.01,16,99040,买盘
10:58:24,61.9,0.0,60,371400,买盘
10:58:28,61.9,0.0,23,142332,买盘
10:58:31,61.9,0.0,11,68088,买盘
10:58:33,61.9,0.0,75,464222,卖盘
10:58:37,61.9,0.0,35,216638,卖盘
10:58:40,61.9,0.0,1,6190,买盘
10:58:43,61.9,0.0,4,24758,买盘
10:58:45,61.9,0.0,34,210446,买盘
10:58:49,61.89,-0.01,61,377542,卖盘
10:58:51,61.89,0.0,2,12379,卖盘
10:58:55,61.89,0.0,5,30946,卖盘
10:58:58,61.89,0.0,16,99024,买盘
10:59:00,61.88,-0.01,32,198021,卖盘
10:59:04,61.88,0.0,24,146042,卖盘
10:59:06,61.89,0.01,43,266127,买盘
10:59:09,61.9,0.01,251,1553482,买盘
10:59:13,61.88,-0.02,135,835412,卖盘
10:59:15,61.88,0.0,10,61885,卖盘
10:59:19,61.88,0.0,11,68079,卖盘
10:59:22,61.89,0.01,5,30947,中性盘
10:59:25,61.88,-0.01,236,1462859,卖盘
10:59:27,61.88,0.0,6,37128,买盘
10:59:31,61.88,0.0,136,839091,买盘
10:59:34,61.88,0.0,12,74251,买盘
10:59:37,61.88,0.0,12,74257,卖盘
10:59:39,61.88,0.0,32,198045,卖盘
10:59:42,61.89,0.01,87,538623,中性盘
10:59:46,61.88,-0.01,36,222823,卖盘
10:59:49,61.9,0.02,6,37140,卖盘
10:59:57,61.9,0.0,3,18571,卖盘
11:00:01,61.92,0.02,20,123828,买盘
11:00:05,61.9,-0.02,25,154760,卖盘
11:00:09,61.9,0.0,48,297115,买盘
11:00:13,61.9,0.0,18,111419,买盘
11:00:15,61.89,-0.01,4,24756,卖盘
11:00:19,61.9,0.01,33,204270,买盘
11:00:21,61.9,0.0,5,30950,卖盘
11:00:25,61.89,-0.01,66,408515,卖盘
11:00:27,61.89,0.0,11,68079,卖盘
11:00:31,61.9,0.01,38,235194,买盘
11:00:33,61.89,-0.01,15,92843,卖盘
11:00:37,61.92,0.03,18,111417,买盘
11:00:39,61.9,-0.02,10,61892,中性盘
11:00:43,61.9,0.0,14,86660,卖盘
11:00:45,61.9,0.0,67,414730,卖盘
11:00:49,61.9,0.0,13,80486,卖盘
11:00:52,61.89,-0.01,109,674686,卖盘
11:00:55,61.9,0.01,4,24760,中性盘
11:00:57,61.89,-0.01,14,86661,卖盘
11:01:00,61.89,0.0,1,6189,卖盘
11:01:05,61.89,0.0,62,383719,卖盘
11:01:07,61.9,0.01,86,532335,买盘
11:01:12,61.9,0.0,33,204265,买盘
11:01:16,61.89,-0.01,59,365153,卖盘
11:01:19,61.89,0.0,87,538415,卖盘
11:01:22,61.9,0.01,161,996448,买盘
11:01:24,61.89,-0.01,15,92844,卖盘
11:01:28,61.9,0.01,6,37136,买盘
11:01:30,61.9,0.0,24,148538,买盘
11:01:34,61.9,0.0,93,575659,买盘
11:01:37,61.89,-0.01,10,61890,卖盘
11:01:40,61.9,0.01,6,37139,买盘
11:01:43,61.89,-0.01,5,30945,卖盘
11:01:46,61.9,0.01,7,43324,买盘
11:01:48,61.88,-0.02,42,259936,卖盘
11:01:52,61.89,0.01,7,43323,买盘
11:01:54,61.88,-0.01,17,105206,卖盘
11:01:58,61.89,0.01,25,154725,买盘
11:02:00,61.88,-0.01,378,2339067,卖盘
11:02:05,61.87,-0.01,13,80433,卖盘
11:02:06,61.87,0.0,66,410819,卖盘
11:02:09,61.87,0.0,3,18559,买盘
11:02:12,61.86,-0.01,2,12372,卖盘
11:02:16,61.86,0.0,2,12372,卖盘
11:02:19,61.87,0.01,30,185581,买盘
11:02:22,61.87,0.0,114,702811,买盘
11:02:24,61.86,-0.01,76,470136,卖盘
11:02:28,61.86,0.0,7,43303,卖盘
11:02:30,61.87,0.01,27,167049,买盘
11:02:34,61.86,-0.01,14,86605,卖盘
11:02:37,61.86,0.0,21,129922,卖盘
11:02:40,61.86,0.0,11,68056,卖盘
11:02:42,61.86,0.0,81,501220,卖盘
11:02:46,61.86,0.0,301,1862608,卖盘
11:02:48,61.89,0.03,233,1442013,买盘
11:02:52,61.9,0.01,152,940880,买盘
11:02:54,61.92,0.02,12,74294,买盘
11:02:57,61.91,-0.01,23,142409,卖盘
11:03:01,61.91,0.0,26,160976,卖盘
11:03:04,61.9,-0.01,174,1077222,卖盘
11:03:07,61.91,0.01,83,513838,买盘
11:03:10,61.9,-0.01,24,148608,卖盘
11:03:13,61.91,0.01,9,55719,买盘
11:03:15,61.91,0.0,29,179569,卖盘
11:03:19,61.94,0.03,49,303377,买盘
11:03:22,61.94,0.0,12,74328,买盘
11:03:25,61.91,-0.03,8,49528,卖盘
11:03:27,61.91,0.0,9,55722,卖盘
11:03:31,61.91,0.0,26,160970,卖盘
11:03:34,61.94,0.03,30,185773,买盘
11:03:37,61.91,-0.03,5,30953,卖盘
11:03:39,61.94,0.03,10,61928,买盘
11:03:43,61.91,-0.03,4,24764,卖盘
11:03:45,61.91,0.0,20,123862,卖盘
11:03:49,61.91,0.0,6,37151,卖盘
11:03:52,61.91,0.0,48,297200,卖盘
11:03:55,61.92,0.01,11,68110,中性盘
11:03:57,61.94,0.02,6,37149,买盘
11:04:00,61.91,-0.03,2,12383,卖盘
11:04:04,61.92,0.01,11,68104,中性盘
11:04:07,61.91,-0.01,10,61919,卖盘
11:04:10,61.91,0.0,30,185760,卖盘
11:04:12,61.91,0.0,6,37146,卖盘
11:04:16,61.91,0.0,110,681033,卖盘
11:04:18,61.91,0.0,5,30961,卖盘
11:04:22,61.96,0.05,739,4577706,买盘
11:04:24,61.96,0.0,7,43368,卖盘
11:04:28,61.96,0.0,5,30980,卖盘
11:04:30,61.96,0.0,2,12392,卖盘
11:04:33,61.95,-0.01,13,80547,卖盘
11:04:37,61.96,0.01,21,130120,买盘
11:04:39,61.97,0.01,11,68167,买盘
11:04:42,61.97,0.0,57,353277,卖盘
11:04:46,61.97,0.0,1,6197,卖盘
11:04:49,61.97,0.0,37,229275,卖盘
11:04:52,61.97,0.0,52,322240,买盘
11:04:55,61.97,0.0,15,92951,买盘
11:04:58,61.97,0.0,79,489544,买盘
11:05:00,61.97,0.0,29,179689,买盘
11:05:04,61.97,0.0,57,353221,买盘
11:05:06,61.97,0.0,38,235461,买盘
11:05:09,61.96,-0.01,4,24784,买盘
11:05:13,61.96,0.0,270,1673237,买盘
11:05:16,61.97,0.01,33,204452,中性盘
11:05:18,61.97,0.0,134,830184,卖盘
11:05:22,61.96,-0.01,13,80538,中性盘
11:05:28,62.0,0.04,2,12399,买盘
11:05:30,61.99,-0.01,100,619980,卖盘
11:05:33,61.99,0.0,144,892788,卖盘
11:05:37,62.0,0.01,302,1872388,买盘
11:05:40,62.01,0.01,46,285208,买盘
11:05:43,62.0,-0.01,19,117801,卖盘
11:05:45,62.0,0.0,27,167400,卖盘
11:05:49,62.0,0.0,139,861897,卖盘
11:05:52,62.01,0.01,102,632452,买盘
11:05:55,62.01,0.0,9,55809,卖盘
11:05:58,62.01,0.0,5,31005,卖盘
11:06:01,62.02,0.01,31,192234,买盘
11:06:04,62.02,0.0,12,74414,买盘
11:06:07,62.01,-0.01,15,93014,卖盘
11:06:10,62.02,0.01,9,55818,买盘
11:06:12,62.01,-0.01,11,68221,卖盘
11:06:15,62.02,0.01,4,24805,买盘
11:06:18,62.01,-0.01,12,74415,卖盘
11:06:22,62.0,-0.01,3,18848,卖盘
11:06:25,62.01,0.01,31,192231,买盘
11:06:28,62.0,-0.01,14,86804,卖盘
11:06:30,62.02,0.02,170,1054229,买盘
11:06:34,62.01,-0.01,12,74412,卖盘
11:06:36,62.01,0.0,12,74417,卖盘
11:06:39,62.02,0.01,1,6202,买盘
11:06:42,62.02,0.0,24,148843,买盘
11:06:46,62.01,-0.01,7,43408,卖盘
11:06:49,62.02,0.01,97,601505,买盘
11:06:51,62.01,-0.01,52,322465,卖盘
11:06:55,62.01,0.0,28,173628,买盘
11:06:58,62.0,-0.01,38,235628,卖盘
11:07:01,62.01,0.01,14,86818,买盘
11:07:04,62.03,0.02,240,1488473,买盘
11:07:07,62.01,-0.02,12,74414,卖盘
11:07:09,62.03,0.02,36,223251,买盘
11:07:13,62.03,0.0,101,626318,买盘
11:07:16,62.01,-0.02,59,365926,卖盘
11:07:19,62.02,0.01,26,161240,中性盘
11:07:21,62.03,0.01,561,3479735,买盘
11:07:25,62.01,-0.02,10,62026,卖盘
11:07:27,62.01,0.0,27,167469,卖盘
11:07:31,62.03,0.02,19,116676,买盘
11:07:34,62.07,0.04,600,3722499,买盘
11:07:36,62.02,-0.05,17,105481,中性盘
11:07:40,62.07,0.05,14,86844,买盘
11:07:43,62.04,-0.03,3,18612,卖盘
11:07:45,62.05,0.01,3,18615,中性盘
11:07:49,62.04,-0.01,26,161369,卖盘
11:07:51,62.04,0.0,2,12408,卖盘
11:07:54,62.07,0.03,9,55863,买盘
11:07:58,62.04,-0.03,68,422038,卖盘
11:08:01,62.04,0.0,29,179926,卖盘
11:08:04,62.05,0.01,34,210978,中性盘
11:08:07,62.06,0.01,6,37234,买盘
11:08:10,62.06,0.0,14,86884,买盘
11:08:13,62.06,0.0,22,136528,买盘
11:08:15,62.06,0.0,82,508890,买盘
11:08:19,62.06,0.0,6,37236,卖盘
11:08:21,62.07,0.01,18,111726,买盘
11:08:24,62.08,0.01,71,440673,买盘
11:08:27,62.08,0.0,15,93116,买盘
11:08:31,62.08,0.0,89,552529,买盘
11:08:33,62.07,-0.01,34,211067,卖盘
11:08:36,62.08,0.01,11,68285,买盘
11:08:40,62.08,0.0,53,328976,买盘
11:08:43,62.08,0.0,16,99328,买盘
11:08:46,62.08,0.0,81,502794,买盘
11:08:48,62.06,-0.02,12,74482,卖盘
11:08:51,62.07,0.01,13,80690,买盘
11:08:55,62.1,0.03,354,2197964,买盘
11:08:57,62.07,-0.03,13,80704,中性盘
11:09:04,62.08,0.01,22,136578,卖盘
11:09:07,62.08,0.0,4,24832,卖盘
11:09:10,62.08,0.0,36,223510,卖盘
11:09:12,62.07,-0.01,5,31038,卖盘
11:09:16,62.08,0.01,4,24832,买盘
11:09:18,62.08,0.0,81,502813,买盘
11:09:22,62.08,0.0,31,192427,买盘
11:09:24,62.07,-0.01,19,117942,卖盘
11:09:28,62.07,0.0,36,223467,卖盘
11:09:30,62.07,0.0,82,509035,卖盘
11:09:33,62.06,-0.01,208,1291269,卖盘
11:09:36,62.06,0.0,6,37241,卖盘
11:09:39,62.06,0.0,211,1309546,卖盘
11:09:42,62.06,0.0,164,1017788,买盘
11:09:46,62.07,0.01,173,1074174,买盘
11:09:48,62.07,0.0,30,186210,卖盘
11:09:52,62.08,0.01,18,111737,买盘
11:09:54,62.08,0.0,18,111744,卖盘
11:09:58,62.07,-0.01,21,130365,卖盘
11:10:00,62.08,0.01,7,43456,买盘
11:10:05,62.07,-0.01,24,148981,卖盘
11:10:06,62.08,0.01,60,372460,买盘
11:10:10,62.08,0.0,10,62080,买盘
11:10:12,62.08,0.0,13,80704,买盘
11:10:16,62.08,0.0,52,322813,卖盘
11:10:18,62.07,-0.01,14,86909,卖盘
11:10:22,62.07,0.0,12,74491,卖盘
11:10:24,62.07,0.0,8,49656,卖盘
11:10:28,62.07,0.0,6,37243,卖盘
11:10:30,62.07,0.0,40,248282,卖盘
11:10:34,62.07,0.0,46,285535,卖盘
11:10:36,62.08,0.01,18,111731,买盘
11:10:39,62.07,-0.01,23,142761,卖盘
11:10:43,62.08,0.01,37,229694,买盘
11:10:45,62.08,0.0,4,24830,买盘
11:10:49,62.07,-0.01,5,31036,卖盘
11:10:51,62.08,0.01,32,198646,买盘
11:10:54,62.07,-0.01,30,186210,卖盘
11:10:57,62.07,0.0,63,391097,卖盘
11:11:00,62.07,0.0,34,211059,卖盘
11:11:04,62.08,0.01,197,1222841,买盘
11:11:07,62.06,-0.02,5,31031,卖盘
11:11:10,62.07,0.01,18,111710,买盘
11:11:12,62.07,0.0,20,124140,买盘
11:11:15,62.06,-0.01,36,223418,卖盘
11:11:19,62.07,0.01,148,918572,买盘
11:11:22,62.07,0.0,131,813206,卖盘
11:11:25,62.0,-0.07,329,2040959,卖盘
11:11:28,62.02,0.02,7,43441,卖盘
11:11:31,62.0,-0.02,32,199454,卖盘
11:11:34,61.99,-0.01,16,99180,卖盘
11:11:37,61.99,0.0,26,161175,买盘
11:11:40,62.0,0.01,351,2175261,买盘
11:11:42,62.0,0.0,17,105453,卖盘
11:11:45,62.0,0.0,337,2088474,卖盘
11:11:52,61.95,-0.05,24,148784,卖盘
11:11:55,61.94,-0.01,333,2062609,卖盘
11:11:57,61.99,0.05,17,105375,买盘
11:12:01,61.98,-0.01,5,30993,中性盘
11:12:04,62.0,0.02,11,68206,买盘
11:12:07,62.0,0.0,5,31000,卖盘
11:12:10,62.03,0.03,22,136442,买盘
11:12:12,61.99,-0.04,20,123998,卖盘
11:12:16,61.99,0.0,33,204639,卖盘
11:12:19,61.99,0.0,2,12398,卖盘
11:12:21,62.01,0.02,16,99193,买盘
11:12:25,62.01,0.0,47,291627,卖盘
11:12:28,62.04,0.03,11,68244,买盘
11:12:30,62.05,0.01,19,117857,买盘
11:12:33,62.03,-0.02,12,74423,中性盘
11:12:36,62.03,0.0,34,210896,买盘
11:12:42,62.01,-0.02,142,880543,卖盘
11:12:46,62.03,0.02,20,124047,买盘
11:12:48,62.02,-0.01,26,161252,卖盘
11:12:52,62.02,0.0,22,136424,买盘
11:12:55,62.02,0.0,21,130227,买盘
11:12:57,62.02,0.0,6,37210,买盘
11:13:00,62.01,-0.01,12,74415,卖盘
11:13:05,61.99,-0.02,99,613853,卖盘
11:13:06,62.0,0.01,7,43394,买盘
11:13:10,62.0,0.0,47,291399,买盘
11:13:12,62.0,0.0,4,24800,买盘
11:13:16,62.0,0.0,28,173588,买盘
11:13:18,61.99,-0.01,3,18598,卖盘
11:13:22,62.0,0.01,16,99197,买盘
11:13:25,61.99,-0.01,22,136381,卖盘
11:13:27,61.95,-0.04,144,892154,卖盘
11:13:30,61.93,-0.02,17,105300,卖盘
11:13:33,61.95,0.02,48,297328,买盘
11:13:37,61.93,-0.02,14,86708,卖盘
11:13:40,61.93,0.0,13,80516,卖盘
11:13:42,61.93,0.0,11,68123,卖盘
11:13:45,61.93,0.0,27,167211,买盘
11:13:49,61.93,0.0,46,284869,买盘
11:13:52,61.93,0.0,14,86696,买盘
11:13:55,61.93,0.0,8,49544,卖盘
11:13:57,61.93,0.0,28,173404,买盘
11:14:01,61.93,0.0,30,185776,买盘
11:14:04,61.93,0.0,40,247754,卖盘
11:14:07,61.95,0.02,212,1313367,买盘
11:14:09,61.95,0.0,15,92925,卖盘
11:14:13,61.95,0.0,10,61950,卖盘
11:14:15,61.99,0.04,15,92985,买盘
11:14:18,61.99,0.0,27,167349,买盘
11:14:22,61.96,-0.03,612,3794354,卖盘
11:14:25,62.0,0.04,65,403000,买盘
11:14:28,61.95,-0.05,263,1629132,卖盘
11:14:31,61.96,0.01,2,12392,中性盘
11:14:34,61.96,0.0,12,74352,买盘
11:14:36,62.0,0.04,19,117784,买盘
11:14:40,61.96,-0.04,66,409196,卖盘
11:14:42,62.0,0.04,30,186000,买盘
11:14:45,61.98,-0.02,34,210756,卖盘
11:14:49,62.0,0.02,39,241782,买盘
11:14:52,62.0,0.0,52,322378,买盘
11:14:54,62.0,0.0,85,526989,买盘
11:14:58,62.0,0.0,6,37200,买盘
11:15:00,61.98,-0.02,2,12396,卖盘
11:15:04,61.98,0.0,13,80574,卖盘
11:15:06,61.98,0.0,27,167319,卖盘
11:15:09,61.98,0.0,5,30991,卖盘
11:15:12,61.99,0.01,8,49586,买盘
11:15:16,61.99,0.0,15,92981,买盘
11:15:19,61.98,-0.01,14,86770,卖盘
11:15:21,61.99,0.01,11,68183,买盘
11:15:24,61.97,-0.02,7,43385,卖盘
11:15:28,61.97,0.0,2,12394,卖盘
11:15:31,61.96,-0.01,70,433846,卖盘
11:15:33,61.97,0.01,18,111559,中性盘
11:15:37,61.97,0.0,13,80563,卖盘
11:15:39,61.96,-0.01,21,130135,卖盘
11:15:42,61.95,-0.01,131,811605,卖盘
11:15:46,61.95,0.0,6,37169,买盘
11:15:48,61.94,-0.01,19,117695,卖盘
11:15:52,61.95,0.01,10,61944,买盘
11:15:54,61.94,-0.01,16,99104,卖盘
11:15:57,61.95,0.01,14,86724,买盘
11:16:01,61.95,0.0,15,92918,买盘
11:16:05,61.95,0.0,58,359275,买盘
11:16:06,61.95,0.0,12,74326,买盘
11:16:09,61.95,0.0,14,86730,买盘
11:16:13,61.95,0.0,4,24780,买盘
11:16:15,61.95,0.0,7,43361,买盘
11:16:18,61.93,-0.02,17,105290,卖盘
11:16:22,61.93,0.0,1,8114,卖盘
11:16:25,61.94,0.01,5,30970,买盘
11:16:28,61.93,-0.01,33,204370,卖盘
11:16:31,61.94,0.01,11,68131,买盘
11:16:34,61.92,-0.02,13,80499,卖盘
11:16:36,61.9,-0.02,796,4925573,卖盘
11:16:39,61.9,0.0,206,1277060,买盘
11:16:49,61.9,0.0,7,43336,卖盘
11:16:51,61.92,0.02,14,86682,买盘
11:16:55,61.89,-0.03,96,592264,卖盘
11:16:58,61.89,0.0,76,470363,买盘
11:17:00,61.89,0.0,27,167103,买盘
11:17:04,61.88,-0.01,48,297051,卖盘
11:17:06,61.88,0.0,18,111387,卖盘
11:17:09,61.89,0.01,5,30945,买盘
11:17:13,61.88,-0.01,46,284652,卖盘
11:17:15,61.88,0.0,35,216601,卖盘
11:17:19,61.89,0.01,20,123772,买盘
11:17:21,61.89,0.0,20,123776,买盘
11:17:25,61.89,0.0,49,303241,买盘
11:17:27,61.87,-0.02,16,99017,卖盘
11:17:30,61.89,0.02,73,451738,买盘
11:17:33,61.88,-0.01,25,154685,卖盘
11:17:36,61.87,-0.01,24,148504,卖盘
11:17:39,61.88,0.01,58,358912,买盘
11:17:43,61.88,0.0,15,92815,买盘
11:17:46,61.88,0.0,21,129953,中性盘
11:17:49,61.88,0.0,8,49504,卖盘
11:17:52,61.89,0.01,394,2440375,买盘
11:17:55,61.89,0.0,22,136178,卖盘
11:17:57,61.89,0.0,38,235197,卖盘
11:18:00,61.9,0.01,17,105207,买盘
11:18:05,61.88,-0.02,18,111393,卖盘
11:18:07,61.89,0.01,53,328045,中性盘
11:18:09,61.9,0.01,122,755165,买盘
11:18:12,61.91,0.01,15,92865,买盘
11:18:15,61.9,-0.01,11,68095,卖盘
11:18:19,61.91,0.01,42,260012,买盘
11:18:22,61.91,0.0,31,191841,买盘
11:18:25,61.91,0.0,6,37146,卖盘
11:18:28,61.91,0.0,4,24764,卖盘
11:18:31,61.92,0.01,72,445755,买盘
11:18:33,61.91,-0.01,22,136204,卖盘
11:18:37,61.9,-0.01,104,643802,卖盘
11:18:40,61.91,0.01,38,235272,买盘
11:18:43,61.91,0.0,10,61910,卖盘
11:18:45,61.91,0.0,31,191923,卖盘
11:18:49,61.9,-0.01,409,2531893,卖盘
11:18:51,61.9,0.0,20,123794,买盘
11:18:55,61.88,-0.02,9,55704,卖盘
11:18:58,61.9,0.02,14,86658,买盘
11:19:04,61.88,-0.02,23,142324,卖盘
11:19:06,61.9,0.02,6,37134,买盘
11:19:10,61.9,0.0,10,61897,买盘
11:19:12,61.88,-0.02,35,216640,卖盘
11:19:15,61.9,0.02,61,377471,买盘
11:19:18,61.88,-0.02,9,55694,卖盘
11:19:22,61.9,0.02,33,204222,买盘
11:19:25,61.89,-0.01,2,12379,卖盘
11:19:28,61.9,0.01,7,43325,买盘
11:19:30,61.89,-0.01,21,129971,卖盘
11:19:34,61.89,0.0,16,99025,卖盘
11:19:36,61.89,0.0,9,55704,卖盘
11:19:40,61.89,0.0,65,402306,卖盘
11:19:43,61.89,0.0,6,37134,卖盘
11:19:46,61.9,0.01,12,74276,买盘
11:19:49,61.89,-0.01,7,43326,卖盘
11:19:52,61.9,0.01,32,198057,买盘
11:19:55,61.9,0.0,10,61892,买盘
11:19:57,61.89,-0.01,6,37135,卖盘
11:20:01,61.89,0.0,27,167115,卖盘
11:20:05,61.89,0.0,37,228993,卖盘
11:20:07,61.89,0.0,11,68082,卖盘
11:20:09,61.89,0.0,28,173310,卖盘
11:20:12,61.9,0.01,2,12380,买盘
11:20:16,61.89,-0.01,1,6189,卖盘
11:20:18,61.89,0.0,16,99029,卖盘
11:20:21,61.9,0.01,48,297108,买盘
11:20:25,61.9,0.0,588,3639594,买盘
11:20:28,61.91,0.01,30,185730,买盘
11:20:30,61.91,0.0,91,563380,买盘
11:20:33,61.92,0.01,65,402425,买盘
11:20:36,61.9,-0.02,76,470487,卖盘
11:20:40,61.9,0.0,7,43330,买盘
11:20:42,61.89,-0.01,103,637551,卖盘
11:20:45,61.9,0.01,20,123800,买盘
11:20:48,61.89,-0.01,29,179508,卖盘
11:20:52,61.89,0.0,47,290891,卖盘
11:20:54,61.89,0.0,230,1423676,卖盘
11:20:58,61.89,0.0,9,55709,卖盘
11:21:00,61.9,0.01,180,1114200,买盘
11:21:04,61.9,0.0,148,916250,卖盘
11:21:07,61.93,0.03,61,377701,买盘
11:21:10,61.91,-0.02,24,148608,卖盘
11:21:13,61.93,0.02,13,80509,买盘
11:21:15,61.93,0.0,17,105281,买盘
11:21:19,61.92,-0.01,15,92892,卖盘
11:21:21,61.92,0.0,20,123854,买盘
11:21:25,61.93,0.01,5,30965,买盘
11:21:28,61.94,0.01,4,24775,买盘
11:21:31,61.93,-0.01,148,916858,卖盘
11:21:33,61.95,0.02,19,117689,买盘
11:21:37,62.0,0.05,892,5528053,买盘
11:21:40,61.93,-0.07,107,662872,卖盘
11:21:42,61.92,-0.01,465,2879374,卖盘
11:21:46,61.93,0.01,254,1572802,买盘
11:21:49,61.95,0.02,7,43365,卖盘
11:21:52,61.95,0.0,4,24780,卖盘
11:21:54,61.9,-0.05,241,1492436,卖盘
11:21:58,62.0,0.1,474,2934177,买盘
11:22:00,61.92,-0.08,6,37159,卖盘
11:22:04,61.95,0.03,79,489605,买盘
11:22:07,61.95,0.0,13,80511,买盘
11:22:10,61.92,-0.03,5,30966,卖盘
11:22:13,61.95,0.03,16,99099,买盘
11:22:16,61.93,-0.02,13,80513,卖盘
11:22:18,61.93,0.0,9,55743,卖盘
11:22:21,61.93,0.0,15,92895,卖盘
11:22:25,61.92,-0.01,125,774104,卖盘
11:22:27,61.92,0.0,20,123840,买盘
11:22:30,61.91,-0.01,20,123832,卖盘
11:22:34,61.91,0.0,21,130022,卖盘
11:22:36,61.92,0.01,29,179545,买盘
11:22:40,61.91,-0.01,20,123822,卖盘
11:22:42,61.92,0.01,4,24767,中性盘
11:22:46,61.93,0.01,52,322001,买盘
11:22:48,61.92,-0.01,26,161014,卖盘
11:22:52,61.93,0.01,28,173400,买盘
11:22:54,61.92,-0.01,6,37163,卖盘
11:22:58,61.93,0.01,8,49544,买盘
11:23:00,61.93,0.0,34,210574,卖盘
11:23:05,61.93,0.0,7,43351,卖盘
11:23:07,61.95,0.02,103,638053,买盘
11:23:10,61.95,0.0,38,235410,买盘
11:23:13,61.93,-0.02,61,377814,卖盘
11:23:16,61.93,0.0,100,619416,卖盘
11:23:18,61.97,0.04,31,192080,买盘
11:23:21,61.97,0.0,13,80546,买盘
11:23:25,61.97,0.0,18,111546,买盘
11:23:28,61.95,-0.02,5,30981,中性盘
11:23:30,61.96,0.01,11,68156,买盘
11:23:34,61.94,-0.02,93,576138,卖盘
11:23:36,61.98,0.04,42,260275,买盘
11:23:40,61.96,-0.02,37,229302,卖盘
11:23:43,61.98,0.02,20,123960,买盘
11:23:45,61.96,-0.02,9,55772,卖盘
11:23:49,61.98,0.02,13,80569,买盘
11:23:51,61.94,-0.04,76,470818,卖盘
11:23:54,61.98,0.04,11,68173,买盘
11:23:58,61.98,0.0,80,495840,买盘
11:24:01,61.97,-0.01,58,359456,卖盘
11:24:04,61.97,0.0,50,309829,买盘
11:24:06,61.96,-0.01,10,61966,卖盘
11:24:10,61.95,-0.01,30,185895,卖盘
11:24:12,61.97,0.02,26,161113,买盘
11:24:15,61.95,-0.02,11,68157,卖盘
11:24:19,61.97,0.02,12,74357,买盘
11:24:21,61.97,0.0,28,173467,买盘
11:24:24,61.97,0.0,3,18591,买盘
11:24:31,61.97,0.0,74,458477,买盘
11:24:33,61.96,-0.01,13,80549,卖盘
11:24:37,61.97,0.01,67,413752,买盘
11:24:39,61.97,0.0,1,6197,卖盘
11:24:43,61.97,0.0,43,266498,卖盘
11:24:45,61.98,0.01,24,148751,买盘
11:24:49,61.97,-0.01,11,68170,卖盘
11:24:51,61.97,0.0,4,24789,卖盘
11:24:55,61.97,0.0,16,99155,卖盘
11:24:57,61.98,0.01,59,365677,买盘
11:25:01,61.97,-0.01,58,359464,卖盘
11:25:04,61.98,0.01,11,68171,买盘
11:25:07,61.98,0.0,11,68171,买盘
11:25:09,61.98,0.0,54,334639,买盘
11:25:12,61.98,0.0,15,92970,买盘
11:25:16,61.97,-0.01,14,86758,买盘
11:25:19,61.96,-0.01,142,879928,卖盘
11:25:22,61.97,0.01,30,185885,买盘
11:25:24,61.96,-0.01,9,55764,中性盘
11:25:28,61.97,0.01,6,37182,中性盘
11:25:31,61.98,0.01,11,68169,买盘
11:25:34,61.98,0.0,25,154939,买盘
11:25:36,61.97,-0.01,94,582607,卖盘
11:25:40,61.97,0.0,114,706469,卖盘
11:25:42,61.97,0.0,68,421397,卖盘
11:25:45,61.97,0.0,21,130155,中性盘
11:25:49,61.97,0.0,3,18591,买盘
11:25:52,61.96,-0.01,54,334631,卖盘
11:25:55,61.97,0.01,3,18591,买盘
11:26:01,61.97,0.0,22,136319,买盘
11:26:04,61.95,-0.02,65,402731,卖盘
11:26:07,61.96,0.01,11,68163,买盘
11:26:10,61.97,0.01,4,24788,卖盘
11:26:13,61.95,-0.02,35,216856,卖盘
11:26:19,61.95,0.0,5,30979,卖盘
11:26:21,61.95,0.0,5,30975,卖盘
11:26:24,61.96,0.01,20,123905,买盘
11:26:27,61.96,0.0,16,99136,买盘
11:26:30,61.95,-0.01,28,173481,卖盘
11:26:34,61.94,-0.01,57,353113,卖盘
11:26:36,61.96,0.02,4,24784,中性盘
11:26:40,61.96,0.0,7,43377,卖盘
11:26:42,61.97,0.01,20,123914,买盘
11:26:45,61.97,0.0,19,117737,买盘
11:26:48,61.97,0.0,9,55765,买盘
11:26:52,61.96,-0.01,26,161112,卖盘
11:26:54,61.98,0.02,5,30983,买盘
11:26:58,61.97,-0.01,3,18591,卖盘
11:27:00,61.97,0.0,4,24789,卖盘
11:27:04,61.97,0.0,12,74366,卖盘
11:27:07,61.98,0.01,82,508165,买盘
11:27:09,61.97,-0.01,52,322276,卖盘
11:27:12,61.97,0.0,16,99161,卖盘
11:27:16,61.97,0.0,31,192124,卖盘
11:27:18,61.97,0.0,18,111554,卖盘
11:27:21,61.97,0.0,15,92952,买盘
11:27:25,61.97,0.0,6,37182,卖盘
11:27:27,61.97,0.0,5,30985,卖盘
11:27:30,61.97,0.0,14,86771,卖盘
11:27:34,61.97,0.0,19,117754,卖盘
11:27:36,61.98,0.01,66,409038,买盘
11:27:40,61.98,0.0,33,204530,买盘
11:27:42,61.99,0.01,4,24793,买盘
11:27:46,61.98,-0.01,8,49588,卖盘
11:27:48,62.0,0.02,284,1760543,买盘
11:27:52,62.0,0.0,5,30993,买盘
11:27:55,61.99,-0.01,45,278935,中性盘
11:27:57,62.0,0.01,5,31000,买盘
11:28:01,62.0,0.0,5,31000,买盘
11:28:04,62.0,0.0,38,235588,买盘
11:28:07,62.0,0.0,18,111592,买盘
11:28:09,62.0,0.0,8,49593,买盘
11:28:13,61.99,-0.01,102,632399,卖盘
11:28:15,62.0,0.01,45,278991,买盘
11:28:19,61.99,-0.01,7,43393,卖盘
11:28:21,62.0,0.01,35,216984,买盘
11:28:25,61.99,-0.01,51,316179,卖盘
11:28:28,61.99,0.0,56,347197,卖盘
11:28:31,62.0,0.01,19,117799,买盘
11:28:34,62.0,0.0,23,142591,买盘
11:28:36,61.99,-0.01,539,3341926,买盘
11:28:39,62.02,0.03,112,694471,买盘
11:28:43,62.02,0.0,14,86828,卖盘
11:28:45,62.02,0.0,12,74425,卖盘
11:28:49,62.02,0.0,1,6202,卖盘
11:28:52,62.03,0.01,61,378345,买盘
11:28:54,62.01,-0.02,82,508535,卖盘
11:28:58,62.01,0.0,87,539698,卖盘
11:29:00,62.03,0.02,33,204691,买盘
11:29:04,62.04,0.01,98,607969,买盘
11:29:07,62.03,-0.01,108,669981,中性盘
11:29:09,62.04,0.01,104,645194,买盘
11:29:13,62.04,0.0,34,210932,买盘
11:29:16,62.04,0.0,97,601771,买盘
11:29:18,62.04,0.0,40,248124,买盘
11:29:21,62.04,0.0,197,1222104,买盘
11:29:25,62.03,-0.01,50,310150,买盘
11:29:27,62.02,-0.01,37,229532,卖盘
11:29:31,62.02,0.0,28,173680,卖盘
11:29:33,62.02,0.0,49,303898,卖盘
11:29:37,62.01,-0.01,48,297665,卖盘
11:29:39,62.01,0.0,15,93025,卖盘
11:29:42,62.01,0.0,8,49611,卖盘
11:29:46,62.02,0.01,34,210862,买盘
11:29:49,62.02,0.0,3,18606,买盘
11:29:51,62.01,-0.01,12,74417,卖盘
11:29:54,62.02,0.01,13,80632,中性盘
11:29:58,62.01,-0.01,4,24805,卖盘
11:30:01,62.01,0.0,95,589095,卖盘
13:00:00,62.01,0.0,151,936453,买盘
13:00:04,62.01,0.0,1548,9598367,卖盘
13:00:07,62.0,-0.01,975,6046176,卖盘
13:00:10,61.99,-0.01,407,2522827,卖盘
13:00:12,61.97,-0.02,75,464777,卖盘
13:00:15,61.96,-0.01,30,185886,卖盘
13:00:18,61.93,-0.03,329,2038167,卖盘
13:00:21,61.93,0.0,473,2930049,卖盘
13:00:24,61.92,-0.01,295,1826624,卖盘
13:00:27,61.91,-0.01,216,1337304,中性盘
13:00:30,61.9,-0.01,96,594344,卖盘
13:00:33,61.91,0.01,129,800596,买盘
13:00:37,61.9,-0.01,99,609813,卖盘
13:00:39,61.91,0.01,38,235243,买盘
13:00:43,61.93,0.02,36,222888,买盘
13:00:46,61.94,0.01,13,80509,买盘
13:00:49,61.91,-0.03,27,167214,卖盘
13:00:51,61.93,0.02,25,154916,卖盘
13:00:55,61.97,0.04,18,111518,买盘
13:00:57,61.97,0.0,26,161155,卖盘
13:01:00,61.93,-0.04,12,74352,卖盘
13:01:04,61.93,0.0,25,154912,卖盘
13:01:07,61.99,0.06,32,198313,买盘
13:01:10,61.97,-0.02,42,260304,卖盘
13:01:12,61.97,0.0,50,309884,卖盘
13:01:15,61.93,-0.04,23,142459,卖盘
13:01:19,62.01,0.08,48,297366,买盘
13:01:21,61.93,-0.08,44,272684,卖盘
13:01:25,61.91,-0.02,46,284848,卖盘
13:01:28,61.95,0.04,24,148624,买盘
13:01:31,61.95,0.0,33,204375,卖盘
13:01:33,61.91,-0.04,29,179757,卖盘
13:01:37,61.9,-0.01,56,346667,卖盘
13:01:40,61.91,0.01,15,92857,买盘
13:01:43,61.9,-0.01,26,160955,卖盘
13:01:45,61.9,0.0,39,241443,卖盘
13:01:48,61.95,0.05,20,123848,买盘
13:01:51,61.92,-0.03,27,167150,卖盘
13:01:54,61.92,0.0,11,68100,卖盘
13:01:57,62.0,0.08,22,136289,买盘
13:02:00,61.93,-0.07,11,68123,卖盘
13:02:04,61.93,0.0,17,105281,卖盘
13:02:07,61.94,0.01,19,117664,中性盘
13:02:10,61.99,0.05,19,117770,买盘
13:02:12,61.99,0.0,10,61994,卖盘
13:02:15,61.99,0.0,11,68189,卖盘
13:02:19,61.99,0.0,10,61991,卖盘
13:02:22,61.99,0.0,14,86787,卖盘
13:02:25,62.0,0.01,33,204584,买盘
13:02:27,62.0,0.0,17,105400,卖盘
13:02:30,62.0,0.0,4,24800,卖盘
13:02:33,62.0,0.0,9,55800,卖盘
13:02:36,62.0,0.0,7,43400,卖盘
13:02:40,62.01,0.01,72,446455,买盘
13:02:42,62.01,0.0,29,179828,卖盘
13:02:45,62.0,-0.01,17,105390,中性盘
13:02:48,62.0,0.0,47,291422,买盘
13:02:52,61.99,-0.01,12,74348,买盘
13:02:54,61.99,0.0,16,99119,买盘
13:02:57,62.0,0.01,52,322362,买盘
13:03:00,62.0,0.0,10,62000,卖盘
13:03:05,62.0,0.0,29,179793,卖盘
13:03:07,62.0,0.0,9,55800,中性盘
13:03:10,62.0,0.0,23,142594,买盘
13:03:12,62.0,0.0,43,266603,卖盘
13:03:15,62.0,0.0,12,74400,卖盘
13:03:18,62.01,0.01,40,248025,买盘
13:03:22,62.01,0.0,23,142604,卖盘
13:03:25,61.99,-0.02,24,148819,卖盘
13:03:27,61.94,-0.05,18,111573,卖盘
13:03:30,61.99,0.05,21,130094,买盘
13:03:33,61.94,-0.05,28,173537,卖盘
13:03:37,61.99,0.05,11,68189,买盘
13:03:39,62.0,0.01,18,111591,买盘
13:03:42,62.0,0.0,7,43400,卖盘
13:03:45,62.0,0.0,28,173600,卖盘
13:03:48,62.0,0.0,55,341031,卖盘
13:03:52,61.99,-0.01,5,30997,卖盘
13:03:54,61.96,-0.03,29,179725,卖盘
13:03:57,61.99,0.03,28,173572,买盘
13:04:01,62.0,0.01,1,6200,中性盘
13:04:04,62.02,0.02,12,74392,买盘
13:04:07,61.99,-0.03,68,421451,卖盘
13:04:10,61.99,0.0,33,204540,买盘
13:04:13,62.0,0.01,2,12400,卖盘
13:04:15,62.01,0.01,31,192259,卖盘
13:04:18,62.0,-0.01,27,167421,卖盘
13:04:21,62.01,0.01,94,582898,买盘
13:04:24,62.02,0.01,30,186061,买盘
13:04:27,62.03,0.01,66,411197,买盘
13:04:31,62.03,0.0,91,564552,卖盘
13:04:33,62.04,0.01,126,781828,买盘
13:04:36,62.05,0.01,22,136508,买盘
13:04:39,62.06,0.01,164,1017610,买盘
13:04:42,62.06,0.0,67,415853,卖盘
13:04:45,62.07,0.01,16,99300,买盘
13:04:48,62.07,0.0,2,12414,卖盘
13:04:51,62.08,0.01,55,341440,买盘
13:04:55,62.08,0.0,8,49662,卖盘
13:04:57,62.08,0.0,15,93123,卖盘
13:05:01,62.07,-0.01,45,279365,卖盘
13:05:04,62.08,0.01,28,173802,中性盘
13:05:07,62.08,0.0,21,130375,卖盘
13:05:10,62.08,0.0,3,18624,买盘
13:05:13,62.08,0.0,47,291767,买盘
13:05:15,62.07,-0.01,14,86915,卖盘
13:05:18,62.07,0.0,23,142771,卖盘
13:05:21,62.07,0.0,28,173796,卖盘
13:05:24,62.08,0.01,21,130351,买盘
13:05:27,62.07,-0.01,19,117933,卖盘
13:05:30,62.08,0.01,1,6208,买盘
13:05:33,62.07,-0.01,27,167599,卖盘
13:05:36,62.08,0.01,3,18623,买盘
13:05:39,62.07,-0.01,8,49656,卖盘
13:05:42,62.07,0.0,5,31038,卖盘
13:05:45,62.07,0.0,36,223481,卖盘
13:05:48,62.08,0.01,53,329007,买盘
13:05:52,62.08,0.0,19,117954,卖盘
13:05:54,62.09,0.01,124,769916,买盘
13:05:57,62.09,0.0,58,360127,卖盘
13:06:00,62.09,0.0,5,31045,卖盘
13:06:04,62.08,-0.01,13,80711,卖盘
13:06:07,62.09,0.01,12,74502,买盘
13:06:09,62.09,0.0,102,633322,买盘
13:06:13,62.09,0.0,36,223495,买盘
13:06:16,62.08,-0.01,4,24832,卖盘
13:06:18,62.09,0.01,57,353927,买盘
13:06:21,62.09,0.0,6,37254,卖盘
13:06:24,62.1,0.01,40,248375,买盘
13:06:27,62.09,-0.01,16,99344,卖盘
13:06:31,62.08,-0.01,17,105541,卖盘
13:06:33,62.09,0.01,42,260780,中性盘
13:06:36,62.1,0.01,8,49679,买盘
13:06:39,62.08,-0.02,9,55868,卖盘
13:06:42,62.07,-0.01,4,24830,卖盘
13:06:46,62.07,0.0,19,117933,卖盘
13:06:49,62.07,0.0,51,316602,卖盘
13:06:52,62.08,0.01,24,148992,买盘
13:06:54,62.08,0.0,26,161408,卖盘
13:06:57,62.08,0.0,8,49664,卖盘
13:07:01,62.08,0.0,5,31041,卖盘
13:07:04,62.07,-0.01,11,68287,卖盘
13:07:07,62.08,0.01,4,24832,买盘
13:07:10,62.08,0.0,1,6208,买盘
13:07:12,62.07,-0.01,5,31037,卖盘
13:07:16,62.07,0.0,33,204840,卖盘
13:07:18,62.08,0.01,33,204847,买盘
13:07:21,62.07,-0.01,34,211066,卖盘
13:07:24,62.07,0.0,43,266927,卖盘
13:07:27,62.07,0.0,139,862893,卖盘
13:07:30,62.08,0.01,16,99319,中性盘
13:07:34,62.06,-0.02,38,235853,卖盘
13:07:36,62.08,0.02,18,111721,买盘
13:07:39,62.05,-0.03,18,111718,卖盘
13:07:42,62.06,0.01,14,86909,中性盘
13:07:46,62.05,-0.01,76,471619,卖盘
13:07:48,62.04,-0.01,93,576999,卖盘
13:07:51,62.08,0.04,61,378553,买盘
13:07:55,62.04,-0.04,53,328844,卖盘
13:07:57,62.04,0.0,25,155224,买盘
13:08:00,62.04,0.0,16,99265,买盘
13:08:04,62.04,0.0,49,304019,卖盘
13:08:07,62.04,0.0,14,86860,卖盘
13:08:10,62.04,0.0,33,204732,买盘
13:08:13,62.04,0.0,61,378458,卖盘
13:08:16,62.02,-0.02,76,471442,卖盘
13:08:18,62.02,0.0,29,179752,卖盘
13:08:21,62.02,0.0,34,211011,卖盘
13:08:25,62.04,0.02,6,37228,中性盘
13:08:27,62.04,0.0,4,24816,中性盘
13:08:31,62.04,0.0,11,68244,卖盘
13:08:34,62.04,0.0,56,347429,卖盘
13:08:36,62.04,0.0,15,93060,卖盘
13:08:40,62.04,0.0,28,173728,卖盘
13:08:43,62.04,0.0,208,1290437,卖盘
13:08:46,62.04,0.0,43,266826,卖盘
13:08:48,62.02,-0.02,67,415648,卖盘
13:08:52,62.02,0.0,43,266757,卖盘
13:08:54,62.03,0.01,12,74440,买盘
13:08:58,62.03,0.0,13,80639,卖盘
13:09:00,62.04,0.01,5,31018,买盘
13:09:04,62.03,-0.01,17,105451,卖盘
13:09:07,62.04,0.01,8,49630,买盘
13:09:10,62.03,-0.01,10,62031,卖盘
13:09:13,62.0,-0.03,707,4384040,卖盘
13:09:16,62.03,0.03,180,1116009,买盘
13:09:18,62.03,0.0,76,471371,买盘
13:09:22,62.03,0.0,17,105460,卖盘
13:09:25,62.03,0.0,59,366004,卖盘
13:09:28,62.03,0.0,92,570771,卖盘
13:09:31,62.03,0.0,76,471428,卖盘
13:09:34,62.03,0.0,19,117858,卖盘
13:09:36,62.04,0.01,17,105462,买盘
13:09:39,62.02,-0.02,13,80639,卖盘
13:09:42,62.01,-0.01,4,24804,卖盘
13:09:46,62.01,0.0,10,62010,卖盘
13:09:49,62.01,0.0,15,93016,买盘
13:09:52,62.01,0.0,2,12402,买盘
13:09:54,62.01,0.0,29,179855,卖盘
13:09:57,62.01,0.0,3,18605,卖盘
13:10:00,62.02,0.01,19,117824,买盘
13:10:04,62.0,-0.02,8,49607,卖盘
13:10:07,62.01,0.01,9,55812,卖盘
13:10:10,62.01,0.0,27,167426,买盘
13:10:12,62.01,0.0,28,173627,买盘
13:10:16,62.0,-0.01,6,37200,卖盘
13:10:19,62.01,0.01,48,297623,买盘
13:10:21,62.0,-0.01,65,403060,卖盘
13:10:25,62.01,0.01,16,99214,买盘
13:10:27,62.01,0.0,33,204633,卖盘
13:10:30,62.01,0.0,6,37206,卖盘
13:10:33,62.01,0.0,16,99216,卖盘
13:10:37,62.01,0.0,7,43407,卖盘
13:10:40,62.0,-0.01,32,198409,卖盘
13:10:42,62.01,0.01,5,31003,中性盘
13:10:45,62.0,-0.01,63,390605,卖盘
13:10:48,62.0,0.0,69,427834,卖盘
13:10:51,62.0,0.0,34,210800,卖盘
13:10:55,62.0,0.0,59,365828,卖盘
13:10:58,62.02,0.02,28,173628,买盘
13:11:00,62.02,0.0,74,458948,买盘
13:11:04,62.03,0.01,34,210888,买盘
13:11:07,62.04,0.01,39,241916,买盘
13:11:10,62.04,0.0,10,62040,买盘
13:11:12,62.05,0.01,96,595660,买盘
13:11:16,62.07,0.02,288,1787345,买盘
13:11:18,62.08,0.01,100,620800,买盘
13:11:21,62.09,0.01,662,4110729,买盘
13:11:25,62.1,0.01,649,4030281,买盘
13:11:28,62.11,0.01,289,1794904,买盘
13:11:31,62.11,0.0,246,1527853,卖盘
13:11:33,62.14,0.03,27,167721,买盘
13:11:36,62.11,-0.03,21,130444,卖盘
13:11:39,62.14,0.03,31,192574,买盘
13:11:42,62.13,-0.01,17,105619,中性盘
13:11:45,62.14,0.01,34,211203,买盘
13:11:48,62.13,-0.01,4,24851,买盘
13:11:52,62.12,-0.01,508,3157069,卖盘
13:11:55,62.15,0.03,25,155348,买盘
13:11:57,62.12,-0.03,123,764200,卖盘
13:12:01,62.13,0.01,8,49697,中性盘
13:12:04,62.16,0.03,185,1149878,买盘
13:12:07,62.15,-0.01,62,385276,买盘
13:12:09,62.15,0.0,113,702295,卖盘
13:12:12,62.16,0.01,57,354280,买盘
13:12:15,62.15,-0.01,90,559419,卖盘
13:12:18,62.1,-0.05,381,2367221,卖盘
13:12:22,62.15,0.05,41,254846,卖盘
13:12:25,62.15,0.0,192,1192976,卖盘
13:12:27,62.1,-0.05,48,298127,卖盘
13:12:31,62.16,0.06,14,87022,买盘
13:12:33,62.15,-0.01,22,136655,买盘
13:12:36,62.15,0.0,20,124235,买盘
13:12:39,62.15,0.0,63,391291,买盘
13:12:43,62.1,-0.05,313,1943845,卖盘
13:12:45,62.09,-0.01,119,738816,卖盘
13:12:48,62.09,0.0,98,608416,买盘
13:12:51,62.09,0.0,39,242043,买盘
13:12:54,62.02,-0.07,67,415833,卖盘
13:12:58,62.02,0.0,43,266664,买盘
13:13:01,62.09,0.07,75,465619,买盘
13:13:04,62.07,-0.02,38,235867,卖盘
13:13:07,62.05,-0.02,17,105495,卖盘
13:13:09,62.07,0.02,16,99299,买盘
13:13:12,62.06,-0.01,15,93094,卖盘
13:13:16,62.06,0.0,6,37236,卖盘
13:13:19,62.07,0.01,26,161363,买盘
13:13:22,62.07,0.0,8,49654,买盘
13:13:24,62.07,0.0,54,335234,卖盘
13:13:27,62.06,-0.01,46,285510,卖盘
13:13:30,62.07,0.01,471,2922160,买盘
13:13:33,62.07,0.0,31,192390,买盘
13:13:37,62.07,0.0,20,124140,买盘
13:13:39,62.06,-0.01,135,837740,卖盘
13:13:43,62.06,0.0,32,198539,中性盘
13:13:46,62.0,-0.06,22,136505,卖盘
13:13:49,62.07,0.07,32,198517,买盘
13:13:51,62.04,-0.03,1,6204,卖盘
13:13:55,62.02,-0.02,19,117882,卖盘
13:13:58,62.02,0.0,18,111632,买盘
13:14:00,62.02,0.0,34,210823,买盘
13:14:04,62.01,-0.01,28,173631,卖盘
13:14:06,62.01,0.0,19,117818,买盘
13:14:13,62.01,0.0,21,130214,买盘
13:14:16,62.01,0.0,44,272856,卖盘
13:14:19,62.01,0.0,63,390635,卖盘
13:14:21,62.01,0.0,54,334833,买盘
13:14:25,62.01,0.0,14,86814,买盘
13:14:28,62.01,0.0,12,74402,买盘
13:14:30,62.01,0.0,7,43405,买盘
13:14:33,62.01,0.0,35,217027,买盘
13:14:37,62.01,0.0,183,1134650,卖盘
13:14:39,62.01,0.0,65,403054,买盘
13:14:43,62.01,0.0,79,489852,卖盘
13:14:46,62.0,-0.01,59,365828,卖盘
13:14:48,62.0,0.0,77,477459,卖盘
13:14:52,62.0,0.0,34,210824,卖盘
13:14:55,62.0,0.0,102,632479,卖盘
13:14:57,62.0,0.0,77,477404,卖盘
13:15:04,62.0,0.0,12,74405,卖盘
13:15:07,62.01,0.01,177,1097415,买盘
13:15:09,62.01,0.0,5,31005,卖盘
13:15:12,62.01,0.0,51,316213,卖盘
13:15:16,62.0,-0.01,85,526875,卖盘
13:15:18,62.0,0.0,56,347181,买盘
13:15:22,62.0,0.0,34,210800,买盘
13:15:24,62.0,0.0,19,117786,买盘
13:15:27,61.99,-0.01,52,322349,卖盘
13:15:30,61.98,-0.01,39,241733,卖盘
13:15:34,61.96,-0.02,119,737651,卖盘
13:15:37,61.97,0.01,34,210665,买盘
13:15:39,61.97,0.0,7,43378,卖盘
13:15:43,61.96,-0.01,34,210669,卖盘
13:15:45,61.96,0.0,24,148721,卖盘
13:15:48,61.97,0.01,16,99139,买盘
13:15:52,61.96,-0.01,2,12392,卖盘
13:15:54,61.96,0.0,59,365594,卖盘
13:15:57,61.96,0.0,30,185885,卖盘
13:16:00,61.96,0.0,71,439922,卖盘
13:16:04,61.96,0.0,30,185880,卖盘
13:16:07,61.96,0.0,62,384184,买盘
13:16:09,61.95,-0.01,24,148705,卖盘
13:16:12,61.95,0.0,43,266387,卖盘
13:16:15,61.95,0.0,10,61950,卖盘
13:16:19,61.96,0.01,57,353117,买盘
13:16:21,61.97,0.01,26,161099,买盘
13:16:24,61.95,-0.02,35,216825,卖盘
13:16:28,61.95,0.0,12,74340,卖盘
13:16:31,61.97,0.02,27,167290,买盘
13:16:33,61.95,-0.02,59,365706,卖盘
13:16:36,61.95,0.0,7,43366,卖盘
13:16:39,61.97,0.02,47,291235,买盘
13:16:42,61.98,0.01,29,179712,买盘
13:16:45,61.95,-0.03,29,179655,卖盘
13:16:48,61.96,0.01,19,117724,买盘
13:16:52,61.95,-0.01,1,6195,卖盘
13:16:54,61.96,0.01,3,18586,中性盘
13:16:58,61.95,-0.01,21,130097,卖盘
13:17:01,61.95,0.0,32,198252,卖盘
13:17:05,61.95,0.0,44,272596,卖盘
13:17:07,61.96,0.01,57,353118,买盘
13:17:10,61.96,0.0,12,74342,买盘
13:17:12,61.95,-0.01,52,322025,卖盘
13:17:15,61.94,-0.01,21,130082,卖盘
13:17:19,61.95,0.01,20,123894,买盘
13:17:22,61.96,0.01,181,1121164,买盘
13:17:24,61.95,-0.01,16,99107,中性盘
13:17:27,61.96,0.01,53,328300,买盘
13:17:30,61.95,-0.01,23,142480,卖盘
13:17:34,61.95,0.0,26,161071,中性盘
13:17:37,61.94,-0.01,12,74331,卖盘
13:17:39,61.96,0.02,52,322149,买盘
13:17:43,61.95,-0.01,60,371717,卖盘
13:17:45,61.94,-0.01,14,86719,卖盘
13:17:48,61.94,0.0,16,99108,卖盘
13:17:51,61.91,-0.03,402,2489574,卖盘
13:17:54,61.9,-0.01,440,2723769,卖盘
13:17:58,61.9,0.0,46,284798,卖盘
13:18:01,61.94,0.04,64,396134,买盘
13:18:04,61.94,0.0,20,123814,买盘
13:18:07,61.9,-0.04,25,154782,卖盘
13:18:09,61.9,0.0,6,37140,卖盘
13:18:13,61.9,0.0,23,142370,卖盘
13:18:16,61.9,0.0,58,359006,卖盘
13:18:18,61.91,0.01,33,204275,买盘
13:18:22,61.91,0.0,9,55712,买盘
13:18:24,61.9,-0.01,24,148544,中性盘
13:18:27,61.9,0.0,7,43327,买盘
13:18:31,61.9,0.0,65,402341,买盘
13:18:33,61.9,0.0,62,383736,买盘
13:18:36,61.89,-0.01,55,340416,卖盘
13:18:39,61.89,0.0,198,1225436,卖盘
13:18:42,61.89,0.0,51,315658,卖盘
13:18:45,61.89,0.0,52,321783,卖盘
13:18:49,61.88,-0.01,55,340387,卖盘
13:18:52,61.89,0.01,26,160928,卖盘
13:18:55,61.88,-0.01,39,241344,卖盘
13:18:58,61.9,0.02,72,445609,买盘
13:19:01,61.87,-0.03,427,2642235,卖盘
13:19:04,61.86,-0.01,138,853708,卖盘
13:19:07,61.87,0.01,23,142295,买盘
13:19:09,61.87,0.0,11,68053,买盘
13:19:12,61.86,-0.01,23,142280,卖盘
13:19:15,61.87,0.01,93,575391,买盘
13:19:19,61.88,0.01,34,210347,买盘
13:19:21,61.87,-0.01,12,74244,卖盘
13:19:24,61.88,0.01,16,99003,买盘
13:19:27,61.88,0.0,2,12376,买盘
13:19:30,61.88,0.0,17,105190,买盘
13:19:34,61.87,-0.01,18,111376,卖盘
13:19:37,61.88,0.01,12,74255,买盘
13:19:40,61.88,0.0,25,154693,买盘
13:19:42,61.88,0.0,108,668209,卖盘
13:19:45,61.87,-0.01,14,86623,卖盘
13:19:48,61.87,0.0,64,395935,买盘
13:19:51,61.87,0.0,155,958739,买盘
13:19:54,61.86,-0.01,25,154679,卖盘
13:19:57,61.88,0.02,45,279399,买盘
13:20:01,61.87,-0.01,12,73198,卖盘
13:20:05,61.85,-0.02,46,284578,卖盘
13:20:07,61.85,0.0,6,37110,卖盘
13:20:09,61.87,0.02,13,80431,买盘
13:20:13,61.85,-0.02,19,117520,卖盘
13:20:16,61.85,0.0,16,98973,卖盘
13:20:18,61.85,0.0,10,61853,卖盘
13:20:21,61.85,0.0,169,1045267,卖盘
13:20:25,61.85,0.0,24,148447,卖盘
13:20:28,61.86,0.01,70,432962,买盘
13:20:30,61.86,0.0,18,111346,买盘
13:20:33,61.86,0.0,17,105150,买盘
13:20:37,61.85,-0.01,26,160829,卖盘
13:20:40,61.86,0.01,90,556659,买盘
13:20:42,61.85,-0.01,72,445329,卖盘
13:20:46,61.85,0.0,12,74225,卖盘
13:20:49,61.86,0.01,60,371144,买盘
13:20:52,61.86,0.0,25,154650,卖盘
13:20:54,61.86,0.0,1,6186,卖盘
13:20:57,61.87,0.01,9,55675,买盘
13:21:00,61.87,0.0,108,669248,买盘
13:21:05,61.88,0.01,336,2079182,买盘
13:21:07,61.88,0.0,95,587957,卖盘
13:21:10,61.87,-0.01,98,606286,卖盘
13:21:12,61.87,0.0,53,327908,卖盘
13:21:16,61.87,0.0,15,92814,卖盘
13:21:19,61.88,0.01,19,117572,买盘
13:21:22,61.85,-0.03,116,717704,卖盘
13:21:24,61.91,0.06,64,396081,买盘
13:21:28,61.88,-0.03,10,61875,卖盘
13:21:31,61.88,0.0,12,74289,中性盘
13:21:33,61.92,0.04,16,99072,买盘
13:21:36,61.92,0.0,25,154818,卖盘
13:21:39,61.92,0.0,58,359136,买盘
13:21:43,61.94,0.02,24,148610,买盘
13:21:46,61.93,-0.01,95,588348,中性盘
13:21:48,61.92,-0.01,19,117661,卖盘
13:21:52,61.92,0.0,80,495501,卖盘
13:21:54,61.9,-0.02,149,922609,卖盘
13:21:57,61.88,-0.02,78,482774,卖盘
13:22:01,61.88,0.0,24,148512,买盘
13:22:04,61.9,0.02,15,92830,买盘
13:22:07,61.9,0.0,60,371401,买盘
13:22:10,61.92,0.02,38,235240,买盘
13:22:12,61.92,0.0,17,105263,卖盘
13:22:16,61.91,-0.01,38,235314,卖盘
13:22:18,61.91,0.0,20,123823,买盘
13:22:21,61.91,0.0,31,191951,卖盘
13:22:25,61.91,0.0,23,142413,卖盘
13:22:28,61.93,0.02,16,99085,买盘
13:22:31,61.93,0.0,2,12386,卖盘
13:22:33,61.93,0.0,8,49544,卖盘
13:22:36,61.93,0.0,28,173407,卖盘
13:22:39,61.96,0.03,3,18582,买盘
13:22:43,61.93,-0.03,39,241599,卖盘
13:22:46,61.96,0.03,2,12392,买盘
13:22:49,61.93,-0.03,9,55745,卖盘
13:22:52,61.94,0.01,22,136285,卖盘
13:22:54,61.95,0.01,9,55752,买盘
13:22:57,61.94,-0.01,14,86724,卖盘
13:23:01,61.95,0.01,70,433580,买盘
13:23:04,61.95,0.0,20,123882,买盘
13:23:06,61.93,-0.02,29,179598,卖盘
13:23:09,61.92,-0.01,69,427275,卖盘
13:23:12,61.91,-0.01,48,297175,卖盘
13:23:16,61.9,-0.01,34,210513,卖盘
13:23:22,61.92,0.02,20,123824,买盘
13:23:25,61.91,-0.01,21,130010,卖盘
13:23:27,61.91,0.0,13,80477,买盘
13:23:31,61.92,0.01,4,24768,买盘
13:23:34,61.91,-0.01,11,68102,卖盘
13:23:36,61.91,0.0,6,37147,卖盘
13:23:40,61.92,0.01,12,74299,买盘
13:23:42,61.91,-0.01,69,427180,卖盘
13:23:45,61.91,0.0,85,526196,卖盘
13:23:48,61.9,-0.01,88,544733,卖盘
13:23:52,61.9,0.0,32,198099,卖盘
13:23:54,61.9,0.0,155,959426,卖盘
13:23:57,61.88,-0.02,70,433269,卖盘
13:24:00,61.88,0.0,67,414609,卖盘
13:24:05,61.89,0.01,20,123763,买盘
13:24:07,61.89,0.0,5,30945,买盘
13:24:09,61.88,-0.01,26,160901,卖盘
13:24:12,61.89,0.01,31,191841,买盘
13:24:16,61.88,-0.01,236,1461249,卖盘
13:24:18,61.89,0.01,69,426974,买盘
13:24:21,61.88,-0.01,26,160894,卖盘
13:24:25,61.88,0.0,32,198032,卖盘
13:24:28,61.88,0.0,49,303224,卖盘
13:24:30,61.89,0.01,3,18566,买盘
13:24:33,61.89,0.0,81,501284,买盘
13:24:36,61.89,0.0,27,167103,卖盘
13:24:40,61.88,-0.01,42,259926,卖盘
13:24:42,61.9,0.02,47,290891,买盘
13:24:45,61.88,-0.02,18,111389,卖盘
13:24:48,61.88,0.0,9,55694,卖盘
13:24:51,61.88,0.0,14,86632,卖盘
13:24:54,61.89,0.01,241,1491239,买盘
13:24:57,61.88,-0.01,52,321781,卖盘
13:25:01,61.88,0.0,20,123757,买盘
13:25:04,61.88,0.0,25,154681,买盘
13:25:06,61.88,0.0,18,111375,买盘
13:25:10,61.88,0.0,14,86624,买盘
13:25:12,61.88,0.0,36,222734,买盘
13:25:16,61.87,-0.01,33,204197,买盘
13:25:19,61.88,0.01,68,420760,买盘
13:25:22,61.88,0.0,7,45170,买盘
13:25:25,61.88,0.0,54,331395,买盘
13:25:27,61.88,0.0,24,148494,买盘
13:25:30,61.87,-0.01,34,210338,卖盘
13:25:34,61.86,-0.01,90,556844,卖盘
13:25:37,61.87,0.01,48,296941,买盘
13:25:40,61.87,0.0,36,222740,卖盘
13:25:42,61.87,0.0,215,1329833,中性盘
13:25:46,61.85,-0.02,108,668095,卖盘
13:25:49,61.87,0.02,34,210307,买盘
13:25:51,61.86,-0.01,30,185580,卖盘
13:25:54,61.86,0.0,23,142282,卖盘
13:25:57,61.85,-0.01,95,587608,卖盘
13:26:00,61.86,0.01,19,117519,买盘
13:26:05,61.85,-0.01,36,222665,卖盘
13:26:06,61.86,0.01,13,80416,买盘
13:26:10,61.86,0.0,23,142266,买盘
13:26:13,61.86,0.0,13,80409,买盘
13:26:15,61.85,-0.01,55,340198,卖盘
13:26:19,61.86,0.01,20,123710,卖盘
13:26:22,61.86,0.0,36,222672,买盘
13:26:24,61.86,0.0,36,222669,买盘
13:26:28,61.86,0.0,21,129889,买盘
13:26:30,61.86,0.0,36,222690,买盘
13:26:34,61.85,-0.01,45,278341,卖盘
13:26:36,61.85,0.0,13,80411,卖盘
13:26:39,61.85,0.0,16,98960,卖盘
13:26:43,61.85,0.0,169,1045306,卖盘
13:26:46,61.85,0.0,371,2294447,卖盘
13:26:48,61.84,-0.01,45,278260,卖盘
13:26:51,61.86,0.02,105,649272,买盘
13:26:54,61.84,-0.02,5,30915,买盘
13:26:57,61.84,0.0,35,216405,买盘
13:27:01,61.84,0.0,21,129844,买盘
13:27:04,61.85,0.01,166,1026341,买盘
13:27:07,61.84,-0.01,144,890263,买盘
13:27:10,61.85,0.01,50,309183,买盘
13:27:12,61.84,-0.01,34,210273,卖盘
13:27:16,61.84,0.0,45,278315,卖盘
13:27:19,61.87,0.03,18,111349,买盘
13:27:21,61.87,0.0,122,754812,买盘
13:27:25,61.88,0.01,13,80439,买盘
13:27:28,61.88,0.0,42,259910,卖盘
13:27:31,61.87,-0.01,68,420752,中性盘
13:27:33,61.86,-0.01,40,247538,卖盘
13:27:36,61.87,0.01,14,86620,买盘
13:27:40,61.9,0.03,18,111405,买盘
13:27:42,61.86,-0.04,16,98993,卖盘
13:27:46,61.86,0.0,38,235114,卖盘
13:27:48,61.86,0.0,15,92797,卖盘
13:27:51,61.88,0.02,29,179395,买盘
13:27:55,61.87,-0.01,10,61870,卖盘
13:27:57,61.88,0.01,46,284652,买盘
13:28:01,61.84,-0.04,367,2270254,卖盘
13:28:04,61.86,0.02,114,705207,卖盘
13:28:07,61.9,0.04,54,334231,买盘
13:28:10,61.9,0.0,31,191890,卖盘
13:28:13,61.9,0.0,1,6190,卖盘
13:28:16,61.9,0.0,23,142352,卖盘
13:28:18,61.88,-0.02,28,173271,卖盘
13:28:22,61.87,-0.01,8,49498,卖盘
13:28:24,61.87,0.0,7,43311,卖盘
13:28:28,61.87,0.0,16,99014,卖盘
13:28:31,61.88,0.01,3,18566,卖盘
13:28:33,61.88,0.0,11,68068,卖盘
13:28:37,61.9,0.02,2,12378,买盘
13:28:39,61.9,0.0,25,154737,买盘
13:28:42,61.9,0.0,81,501390,买盘
13:28:45,61.9,0.0,88,544749,卖盘
13:28:49,61.9,0.0,60,371355,买盘
13:28:51,61.88,-0.02,38,235179,卖盘
13:28:54,61.91,0.03,113,699532,买盘
13:28:58,61.88,-0.03,79,489092,卖盘
13:29:01,61.9,0.02,32,198081,中性盘
13:29:04,61.88,-0.02,22,136156,卖盘
13:29:07,61.92,0.04,26,160959,买盘
13:29:10,61.92,0.0,17,105262,卖盘
13:29:13,61.91,-0.01,8,49528,卖盘
13:29:16,61.88,-0.03,38,235198,卖盘
13:29:18,61.9,0.02,13,80478,中性盘
13:29:21,61.92,0.02,2,12384,买盘
13:29:25,61.91,-0.01,130,804691,卖盘
13:29:28,61.9,-0.01,7,43339,卖盘
13:29:31,61.9,0.0,27,167122,卖盘
13:29:34,61.9,0.0,18,111422,买盘
13:29:37,61.9,0.0,32,198067,卖盘
13:29:39,61.9,0.0,18,111419,买盘
13:29:43,61.89,-0.01,29,179498,卖盘
13:29:45,61.88,-0.01,21,129969,卖盘
13:29:49,61.88,0.0,16,99017,卖盘
13:29:51,61.88,0.0,3,18565,卖盘
13:29:54,61.88,0.0,14,86633,卖盘
13:29:58,61.89,0.01,52,321859,买盘
13:30:01,61.88,-0.01,5,30942,卖盘
13:30:04,61.92,0.04,75,464282,买盘
13:30:06,61.89,-0.03,31,191859,买盘
13:30:10,61.92,0.03,50,309600,买盘
13:30:12,61.89,-0.03,54,334221,卖盘
13:30:19,61.89,0.0,117,724413,卖盘
13:30:22,61.89,0.0,103,637614,卖盘
13:30:24,61.89,0.0,59,365155,卖盘
13:30:27,61.92,0.03,6,37152,中性盘
13:30:31,61.89,-0.03,362,2240092,卖盘
13:30:33,61.87,-0.02,69,426906,卖盘
13:30:36,61.89,0.02,62,383596,买盘
13:30:40,61.89,0.0,38,235123,买盘
13:30:43,61.88,-0.01,33,204228,卖盘
13:30:46,61.91,0.03,7,43324,中性盘
13:30:48,61.89,-0.02,39,241375,卖盘
13:30:51,61.89,0.0,11,68083,卖盘
13:30:55,61.89,0.0,13,80467,卖盘
13:30:57,61.9,0.01,25,154750,买盘
13:31:01,61.9,0.0,27,167140,卖盘
13:31:04,61.89,-0.01,32,198061,卖盘
13:31:07,61.91,0.02,512,3167942,买盘
13:31:10,61.85,-0.06,61,377406,卖盘
13:31:13,61.9,0.05,125,773156,买盘
13:31:16,61.85,-0.05,51,315455,卖盘
13:31:19,61.86,0.01,49,303093,买盘
13:31:22,61.86,0.0,437,2703278,买盘
13:31:24,61.86,0.0,10,61860,卖盘
13:31:27,61.85,-0.01,110,680386,卖盘
13:31:30,61.88,0.03,3,18565,卖盘
13:31:33,61.86,-0.02,34,210332,卖盘
13:31:36,61.88,0.02,13,80444,买盘
13:31:39,61.87,-0.01,21,129916,卖盘
13:31:43,61.85,-0.02,382,2363068,卖盘
13:31:45,61.85,0.0,116,717493,卖盘
13:31:49,61.86,0.01,36,222646,买盘
13:31:52,61.84,-0.02,120,742086,卖盘
13:31:55,61.83,-0.01,61,377187,卖盘
13:31:57,61.86,0.03,96,593725,买盘
13:32:00,61.86,0.0,410,2536260,卖盘
13:32:05,61.84,-0.02,154,952277,卖盘
13:32:07,61.84,0.0,49,303029,买盘
13:32:10,61.83,-0.01,23,142214,卖盘
13:32:13,61.83,0.0,43,265893,卖盘
13:32:16,61.83,0.0,74,457514,卖盘
13:32:19,61.82,-0.01,89,550209,卖盘
13:32:22,61.83,0.01,5,30915,买盘
13:32:24,61.82,-0.01,125,772752,卖盘
13:32:27,61.81,-0.01,38,234889,卖盘
13:32:31,61.81,0.0,21,129802,卖盘
13:32:33,61.81,0.0,39,241060,卖盘
13:32:37,61.81,0.0,199,1230027,卖盘
13:32:40,61.81,0.0,264,1631784,卖盘
13:32:43,61.81,0.0,143,883756,买盘
13:32:46,61.81,0.0,67,414073,买盘
13:32:49,61.81,0.0,113,698413,买盘
13:32:52,61.8,-0.01,462,2855194,卖盘
13:32:54,61.8,0.0,251,1551197,卖盘
13:32:57,61.8,0.0,669,4134324,卖盘
13:33:01,61.8,0.0,17,105060,买盘
13:33:04,61.78,-0.02,401,2477380,卖盘
13:33:07,61.78,0.0,71,438640,买盘
13:33:10,61.78,0.0,13,80313,买盘
