time,price,change,volume,amount,type
09:25:01,61.9,0.23,1729,10702510,卖盘
09:30:00,61.91,0.01,151,934770,买盘
09:30:04,61.95,0.04,531,3287979,买盘
09:30:07,61.95,0.0,403,2496030,卖盘
09:30:10,61.96,0.01,289,1789768,买盘
09:30:13,61.96,0.0,295,1827959,买盘
09:30:15,61.98,0.02,70,433757,买盘
09:30:19,61.98,0.0,84,520605,买盘
09:30:22,61.99,0.01,55,340895,买盘
09:30:25,61.98,-0.01,100,619837,卖盘
09:30:27,62.01,0.03,237,1469321,买盘
09:30:31,62.0,-0.01,187,1159655,卖盘
09:30:33,62.01,0.01,53,328629,买盘
09:30:36,62.04,0.03,94,583058,买盘
09:30:40,62.04,0.0,81,502550,卖盘
09:30:43,62.04,0.0,68,422055,卖盘
09:30:46,62.02,-0.02,192,1191268,卖盘
09:30:48,62.02,0.0,341,2114871,买盘
09:30:52,62.04,0.02,260,1612570,买盘
09:30:55,62.02,-0.02,103,638831,卖盘
09:30:58,62.03,0.01,110,682296,买盘
09:31:01,62.07,0.04,200,1240917,买盘
09:31:05,62.07,0.0,63,391002,中性盘
09:31:07,62.06,-0.01,94,583582,卖盘
09:31:10,62.08,0.02,132,819155,卖盘
09:31:12,62.09,0.01,73,453245,买盘
09:31:15,62.1,0.01,284,1763261,买盘
09:31:19,62.1,0.0,154,956211,买盘
09:31:21,62.1,0.0,122,757547,买盘
09:31:25,62.1,0.0,309,1919435,买盘
09:31:27,62.06,-0.04,494,3066828,卖盘
09:31:31,62.06,0.0,299,1855498,买盘
09:31:33,62.04,-0.02,451,2798664,卖盘
09:31:36,62.06,0.02,533,3306500,买盘
09:31:40,62.09,0.03,285,1769281,买盘
09:31:43,62.08,-0.01,107,664275,卖盘
09:31:46,62.08,0.0,72,446932,买盘
09:31:48,62.06,-0.02,129,800878,卖盘
09:31:51,62.08,0.02,225,1396929,买盘
09:31:54,62.06,-0.02,130,806917,卖盘
09:31:58,62.06,0.0,270,1675654,卖盘
09:32:00,62.06,0.0,137,850168,买盘
09:32:04,62.04,-0.02,192,1191583,卖盘
09:32:07,62.03,-0.01,199,1234399,卖盘
09:32:10,62.0,-0.03,689,4272055,卖盘
09:32:12,61.99,-0.01,265,1642345,中性盘
09:32:16,61.96,-0.03,144,892242,卖盘
09:32:19,61.96,0.0,202,1251549,卖盘
09:32:22,61.96,0.0,313,1939328,买盘
09:32:25,61.94,-0.02,56,346817,中性盘
09:32:28,61.96,0.02,90,557610,买盘
09:32:31,61.94,-0.02,76,470730,买盘
09:32:34,61.92,-0.02,58,359319,卖盘
09:32:36,61.94,0.02,253,1567684,卖盘
09:32:39,61.94,0.0,150,929481,卖盘
09:32:43,61.99,0.05,117,725033,买盘
09:32:46,61.97,-0.02,242,1500268,卖盘
09:32:49,61.96,-0.01,19,123194,中性盘
09:32:52,61.93,-0.03,558,3450847,卖盘
09:32:55,61.93,0.0,167,1034113,买盘
09:32:58,61.93,0.0,270,1671882,买盘
09:33:00,61.96,0.03,614,3802371,买盘
09:33:04,61.93,-0.03,253,1567292,卖盘
09:33:07,61.93,0.0,102,631738,卖盘
09:33:10,61.95,0.02,214,1325924,买盘
09:33:13,61.93,-0.02,103,637955,卖盘
09:33:16,61.92,-0.01,272,1684614,卖盘
09:33:18,61.94,0.02,114,706054,卖盘
09:33:22,61.96,0.02,132,817783,买盘
09:33:24,61.97,0.01,132,823394,买盘
09:33:28,61.96,-0.01,98,607263,卖盘
09:33:30,61.97,0.01,131,806305,买盘
09:33:34,61.96,-0.01,152,941586,中性盘
09:33:37,61.96,0.0,327,2025093,买盘
09:33:40,61.92,-0.04,173,1071786,卖盘
09:33:43,61.92,0.0,572,3541350,买盘
09:33:45,61.89,-0.03,1077,6666492,卖盘
09:33:48,61.86,-0.03,269,1664187,卖盘
09:33:51,61.8,-0.06,270,1668748,卖盘
09:33:54,61.88,0.08,842,5202847,买盘
09:33:58,61.82,-0.06,155,957634,买盘
09:34:00,61.88,0.06,152,939729,买盘
09:34:04,61.78,-0.1,298,1840407,卖盘
09:34:07,61.81,0.03,124,766039,买盘
09:34:10,61.82,0.01,92,568591,买盘
09:34:13,61.82,0.0,34,210190,卖盘
09:34:16,61.82,0.0,167,1032392,卖盘
09:34:19,61.81,-0.01,123,760744,中性盘
09:34:22,61.82,0.01,25,154544,买盘
09:34:24,61.82,0.0,144,890722,卖盘
09:34:28,61.78,-0.04,598,3696285,卖盘
09:34:30,61.78,0.0,52,321187,买盘
09:34:34,61.76,-0.02,195,1204698,卖盘
09:34:36,61.76,0.0,192,1185698,卖盘
09:34:40,61.76,0.0,22,135862,买盘
09:34:43,61.74,-0.02,109,673172,卖盘
09:34:45,61.75,0.01,10,61749,买盘
09:34:49,61.76,0.01,210,1296792,买盘
09:34:51,61.76,0.0,53,327345,卖盘
09:34:55,61.77,0.01,50,308803,买盘
09:34:58,61.77,0.0,71,438581,买盘
09:35:01,61.78,0.01,30,185314,买盘
09:35:04,61.78,0.0,17,105021,买盘
09:35:07,61.77,-0.01,165,1019360,卖盘
09:35:09,61.78,0.01,165,1019222,买盘
09:35:12,61.78,0.0,45,277992,买盘
09:35:16,61.77,-0.01,23,142055,卖盘
09:35:18,61.77,0.0,117,722663,买盘
09:35:22,61.79,0.02,77,475745,买盘
09:35:24,61.79,0.0,27,166849,卖盘
09:35:28,61.8,0.01,62,383235,中性盘
09:35:31,61.86,0.06,48,296802,买盘
09:35:34,61.88,0.02,16,98965,买盘
09:35:36,61.88,0.0,62,383609,买盘
09:35:39,61.88,0.0,37,228924,买盘
09:35:43,61.88,0.0,74,457726,买盘
09:35:45,61.81,-0.07,76,470080,卖盘
09:35:48,61.86,0.05,109,674197,买盘
09:35:51,61.82,-0.04,62,383316,卖盘
09:35:55,61.82,0.0,181,1119242,卖盘
09:35:58,61.86,0.04,13,80390,买盘
09:36:01,61.85,-0.01,245,1521182,买盘
09:36:04,61.86,0.01,133,817477,中性盘
09:36:07,61.85,-0.01,120,742312,卖盘
09:36:09,61.87,0.02,134,828890,中性盘
09:36:13,61.85,-0.02,125,772941,卖盘
09:36:16,61.81,-0.04,197,1218140,卖盘
09:36:18,61.79,-0.02,248,1532637,卖盘
09:36:21,61.79,0.0,83,512850,卖盘
09:36:25,61.77,-0.02,148,914398,卖盘
09:36:28,61.78,0.01,112,691825,中性盘
09:36:31,61.76,-0.02,1020,6301339,卖盘
09:36:34,61.76,0.0,333,2056329,买盘
09:36:36,61.76,0.0,69,426104,买盘
09:36:39,61.75,-0.01,71,438394,卖盘
09:36:42,61.78,0.03,286,1766116,买盘
09:36:45,61.76,-0.02,74,457149,卖盘
09:36:49,61.8,0.04,313,1933363,买盘
09:36:52,61.81,0.01,90,556292,买盘
09:36:55,61.86,0.05,77,476350,买盘
09:36:57,61.9,0.04,557,3447239,买盘
09:37:00,61.92,0.02,626,3880376,买盘
09:37:04,62.05,0.13,744,4612764,买盘
09:37:07,62.12,0.07,554,3439197,买盘
09:37:10,62.16,0.04,492,3057771,买盘
09:37:12,62.19,0.03,646,4015090,买盘
09:37:16,62.19,0.0,464,2885902,卖盘
09:37:18,62.24,0.05,250,1555153,买盘
09:37:22,62.23,-0.01,314,1954393,卖盘
09:37:24,62.2,-0.03,68,423252,卖盘
09:37:28,62.26,0.06,97,603941,买盘
09:37:30,62.24,-0.02,176,1095485,买盘
09:37:34,62.27,0.03,175,1089465,买盘
09:37:37,62.2,-0.07,444,2763559,卖盘
09:37:40,62.23,0.03,183,1138355,买盘
09:37:43,62.2,-0.03,211,1312713,中性盘
09:37:46,62.16,-0.04,130,808297,卖盘
09:37:49,62.16,0.0,231,1436468,买盘
09:37:51,62.1,-0.06,71,441099,中性盘
09:37:55,62.15,0.05,18,111837,买盘
09:37:57,62.15,0.0,33,205098,买盘
09:38:01,62.15,0.0,83,515855,卖盘
09:38:04,62.15,0.0,79,490930,中性盘
09:38:07,62.15,0.0,154,956932,买盘
09:38:09,62.1,-0.05,335,2081932,中性盘
09:38:13,62.1,0.0,117,726531,买盘
09:38:16,62.06,-0.04,152,943516,卖盘
09:38:19,62.1,0.04,101,626854,买盘
09:38:21,62.04,-0.06,181,1122593,卖盘
09:38:24,62.08,0.04,89,552092,买盘
09:38:28,62.04,-0.04,46,285266,中性盘
09:38:30,62.04,0.0,115,713522,买盘
09:38:34,62.04,0.0,46,285435,卖盘
09:38:37,62.05,0.01,84,521236,中性盘
09:38:40,62.0,-0.05,72,446526,卖盘
09:38:43,61.99,-0.01,34,210760,中性盘
09:38:46,62.0,0.01,71,440187,买盘
09:38:48,62.04,0.04,35,217102,买盘
09:38:52,62.05,0.01,54,334889,买盘
09:38:55,62.05,0.0,73,452666,买盘
09:38:57,61.98,-0.07,241,1494199,卖盘
09:39:01,61.98,0.0,31,192120,卖盘
09:39:04,61.98,0.0,74,458537,买盘
09:39:07,61.98,0.0,95,588741,买盘
09:39:10,61.98,0.0,102,632170,买盘
09:39:13,61.98,0.0,260,1610106,卖盘
09:39:16,61.9,-0.08,62,384119,卖盘
09:39:19,62.0,0.1,127,787298,买盘
09:39:22,61.95,-0.05,68,421434,卖盘
09:39:25,61.98,0.03,66,408818,买盘
09:39:28,61.96,-0.02,23,142528,卖盘
09:39:31,61.95,-0.01,53,327648,卖盘
09:39:34,61.98,0.03,81,501881,买盘
09:39:36,61.97,-0.01,101,625829,中性盘
09:39:40,62.0,0.03,258,1599466,买盘
09:39:42,61.98,-0.02,131,812104,卖盘
09:39:46,61.98,0.0,94,582794,卖盘
09:39:48,62.04,0.06,36,223300,买盘
09:39:51,62.04,0.0,15,93039,卖盘
09:39:55,62.05,0.01,42,260610,买盘
09:39:58,62.04,-0.01,102,632950,卖盘
09:40:00,62.04,0.0,38,235760,卖盘
09:40:04,62.03,-0.01,193,1197445,卖盘
09:40:07,62.03,0.0,51,316328,买盘
09:40:10,62.01,-0.02,93,576868,卖盘
09:40:13,62.03,0.02,140,868533,买盘
09:40:16,62.04,0.01,89,551344,买盘
09:40:18,62.06,0.02,23,142714,买盘
09:40:22,62.07,0.01,36,223423,买盘
09:40:24,62.07,0.0,14,86888,卖盘
09:40:28,62.08,0.01,25,155189,买盘
09:40:30,62.08,0.0,83,515152,买盘
09:40:33,62.08,0.0,129,800827,买盘
09:40:36,62.09,0.01,118,732655,买盘
09:40:39,62.09,0.0,88,546439,卖盘
09:40:43,62.1,0.01,60,372558,买盘
09:40:46,62.11,0.01,25,155256,买盘
09:40:49,62.1,-0.01,127,788683,卖盘
09:40:52,62.12,0.02,126,782717,买盘
09:40:55,62.12,0.0,220,1365768,卖盘
09:40:58,62.11,-0.01,87,541248,卖盘
09:41:01,62.13,0.02,208,1292205,买盘
09:41:04,62.14,0.01,134,832532,买盘
09:41:07,62.13,-0.01,96,596448,卖盘
09:41:10,62.13,0.0,38,236116,卖盘
09:41:13,62.14,0.01,68,425414,买盘
09:41:16,62.14,0.0,252,1562984,卖盘
09:41:19,62.13,-0.01,386,2397958,卖盘
09:41:21,62.1,-0.03,321,1993903,卖盘
09:41:24,62.09,-0.01,466,2893255,卖盘
09:41:28,62.1,0.01,244,1514587,买盘
09:41:30,62.04,-0.06,678,4207430,卖盘
09:41:34,62.06,0.02,476,2952494,买盘
09:41:37,62.01,-0.05,51,316485,卖盘
09:41:40,62.0,-0.01,152,942633,卖盘
09:41:42,62.07,0.07,58,359892,买盘
09:41:45,61.99,-0.08,341,2115387,卖盘
09:41:48,62.0,0.01,138,855557,买盘
09:41:52,62.03,0.03,151,936737,买盘
09:41:54,62.06,0.03,54,334865,买盘
09:41:58,62.04,-0.02,22,136504,中性盘
09:42:00,62.03,-0.01,48,297810,卖盘
09:42:04,62.04,0.01,136,843736,买盘
09:42:06,62.03,-0.01,57,353580,卖盘
09:42:10,62.02,-0.01,135,837457,卖盘
09:42:12,62.04,0.02,67,415599,买盘
09:42:16,62.04,0.0,54,335004,买盘
09:42:18,62.03,-0.01,42,260542,卖盘
09:42:22,62.04,0.01,153,949065,买盘
09:42:25,62.05,0.01,218,1352320,买盘
09:42:27,62.06,0.01,186,1154007,买盘
09:42:31,62.03,-0.03,232,1439197,卖盘
09:42:34,62.04,0.01,108,669998,买盘
09:42:37,62.05,0.01,76,471608,买盘
09:42:39,62.08,0.03,29,180024,买盘
09:42:42,62.07,-0.01,47,291716,卖盘
09:42:45,62.05,-0.02,79,490277,卖盘
09:42:49,62.05,0.0,171,1061027,卖盘
09:42:51,62.04,-0.01,80,496390,卖盘
09:42:55,62.05,0.01,90,558404,买盘
09:42:58,62.06,0.01,35,217184,买盘
09:43:01,62.02,-0.04,107,663695,卖盘
09:43:04,62.02,0.0,85,527160,买盘
09:43:07,62.03,0.01,59,365943,买盘
09:43:10,62.03,0.0,22,136472,买盘
09:43:13,62.05,0.02,31,192353,买盘
09:43:16,62.05,0.0,13,80653,卖盘
09:43:19,62.04,-0.01,22,136507,中性盘
09:43:21,62.05,0.01,37,229552,中性盘
09:43:25,62.05,0.0,40,248211,卖盘
09:43:28,62.05,0.0,19,117909,卖盘
09:43:30,62.08,0.03,204,1266161,买盘
09:43:34,62.08,0.0,50,310400,卖盘
09:43:36,62.06,-0.02,382,2370448,卖盘
09:43:40,62.06,0.0,146,905959,卖盘
09:43:43,62.08,0.02,33,204397,买盘
09:43:45,62.09,0.01,37,229683,买盘
09:43:49,62.09,0.0,38,235906,买盘
09:43:51,62.09,0.0,80,496746,买盘
09:43:55,62.09,0.0,48,298028,卖盘
09:43:58,62.1,0.01,255,1583653,买盘
09:44:01,62.1,0.0,15,93137,卖盘
09:44:05,62.11,0.01,51,316737,买盘
09:44:06,62.1,-0.01,104,645841,卖盘
09:44:10,62.1,0.0,217,1347613,卖盘
09:44:13,62.1,0.0,113,701724,买盘
09:44:15,62.1,0.0,245,1521439,买盘
09:44:19,62.1,0.0,465,2887396,买盘
09:44:22,62.11,0.01,324,2011852,买盘
09:44:25,62.1,-0.01,66,409909,卖盘
09:44:28,62.1,0.0,47,291873,卖盘
09:44:31,62.12,0.02,243,1509722,买盘
09:44:34,62.1,-0.02,291,1807194,卖盘
09:44:37,62.11,0.01,32,198741,买盘
09:44:39,62.12,0.01,38,235987,买盘
09:44:42,62.11,-0.01,94,583842,卖盘
09:44:45,62.12,0.01,72,447230,买盘
09:44:49,62.15,0.03,192,1193030,买盘
09:44:51,62.12,-0.03,486,3020410,中性盘
09:44:55,62.11,-0.01,72,447268,卖盘
09:44:57,62.14,0.03,9,55922,买盘
09:45:01,62.14,0.0,101,627424,买盘
09:45:05,62.12,-0.02,67,416205,卖盘
09:45:06,62.12,0.0,50,310666,买盘
09:45:10,62.11,-0.01,180,1118139,卖盘
09:45:13,62.11,0.0,158,981309,卖盘
09:45:16,62.12,0.01,371,2305167,买盘
09:45:19,62.12,0.0,107,664692,卖盘
09:45:22,62.12,0.0,496,3081150,卖盘
09:45:25,62.11,-0.01,401,2490496,卖盘
09:45:28,62.11,0.0,344,2136967,买盘
09:45:30,62.11,0.0,147,912836,买盘
09:45:34,62.09,-0.02,204,1266744,卖盘
09:45:36,62.1,0.01,198,1229489,买盘
09:45:40,62.11,0.01,117,726551,买盘
09:45:42,62.09,-0.02,166,1030915,卖盘
09:45:46,62.09,0.0,115,713951,买盘
09:45:48,62.1,0.01,238,1477758,买盘
09:45:52,62.1,0.0,170,1055576,买盘
09:45:54,62.1,0.0,35,217332,卖盘
09:45:57,62.1,0.0,80,496803,卖盘
09:46:01,62.1,0.0,216,1341377,卖盘
09:46:04,62.08,-0.02,297,1844234,卖盘
09:46:07,62.1,0.02,84,521604,中性盘
09:46:09,62.09,-0.01,204,1266838,卖盘
09:46:12,62.1,0.01,313,1943326,买盘
09:46:16,62.08,-0.02,45,279379,卖盘
09:46:18,62.08,0.0,101,627061,卖盘
09:46:22,62.08,0.0,20,124164,买盘
09:46:25,62.08,0.0,28,173785,买盘
09:46:28,62.08,0.0,85,527643,买盘
09:46:30,62.06,-0.02,58,359969,卖盘
09:46:33,62.06,0.0,42,260675,卖盘
09:46:36,62.07,0.01,45,279306,买盘
09:46:40,62.06,-0.01,48,297903,卖盘
09:46:43,62.07,0.01,65,403420,买盘
09:46:46,62.06,-0.01,1262,7827664,卖盘
09:46:49,62.08,0.02,263,1631848,买盘
09:46:51,62.06,-0.02,19,117889,卖盘
09:46:55,62.0,-0.06,361,2238679,卖盘
09:46:58,62.05,0.05,468,2901191,买盘
09:47:01,61.98,-0.07,52,322490,卖盘
09:47:04,61.99,0.01,6,37192,买盘
09:47:07,61.99,0.0,99,613695,买盘
09:47:10,62.02,0.03,49,303788,买盘
09:47:13,61.99,-0.03,150,930170,卖盘
09:47:16,61.99,0.0,72,446337,卖盘
09:47:18,61.99,0.0,19,117781,卖盘
09:47:21,62.02,0.03,178,1103347,买盘
09:47:24,62.0,-0.02,34,210853,卖盘
09:47:27,62.0,0.0,47,291418,卖盘
09:47:31,62.0,0.0,37,229448,卖盘
09:47:33,62.0,0.0,8,49611,卖盘
09:47:36,62.0,0.0,150,930605,卖盘
09:47:40,62.02,0.02,150,929683,买盘
09:47:42,62.01,-0.01,80,496215,卖盘
09:47:45,62.0,-0.01,118,732056,卖盘
09:47:49,62.0,0.0,5,30565,卖盘
09:47:51,62.0,0.0,48,297618,卖盘
09:47:55,62.0,0.0,47,291449,卖盘
09:47:58,62.01,0.01,210,1302017,中性盘
09:48:00,62.01,0.0,38,235624,卖盘
09:48:04,62.01,0.0,43,266648,卖盘
09:48:07,62.02,0.01,201,1246546,买盘
09:48:09,62.02,0.0,12,74424,卖盘
09:48:13,62.02,0.0,297,1842032,卖盘
09:48:16,62.01,-0.01,33,204646,卖盘
09:48:18,62.0,-0.01,154,954893,卖盘
09:48:21,61.99,-0.01,85,527433,卖盘
09:48:25,62.01,0.02,161,998032,买盘
09:48:27,61.97,-0.04,75,465040,卖盘
09:48:31,61.99,0.02,8,49590,卖盘
09:48:34,61.99,0.0,24,148780,中性盘
09:48:36,61.97,-0.02,51,316207,卖盘
09:48:39,61.99,0.02,271,1679275,中性盘
09:48:42,61.97,-0.02,55,340834,中性盘
09:48:46,61.97,0.0,71,440091,卖盘
09:48:48,61.97,0.0,26,161181,卖盘
09:48:52,62.0,0.03,41,254198,买盘
09:48:54,62.0,0.0,81,502231,卖盘
09:48:58,62.0,0.0,13,80603,卖盘
09:49:01,62.0,0.0,180,1116118,卖盘
09:49:04,62.0,0.0,341,2114344,卖盘
09:49:07,62.0,0.0,42,260385,买盘
09:49:09,61.99,-0.01,73,452598,卖盘
09:49:12,61.99,0.0,31,192182,卖盘
09:49:16,61.99,0.0,8,49597,卖盘
09:49:18,62.0,0.01,26,161187,买盘
09:49:22,61.99,-0.01,18,111583,卖盘
09:49:25,61.97,-0.02,220,1363632,卖盘
09:49:28,61.96,-0.01,15,92966,卖盘
09:49:31,61.97,0.01,70,433909,卖盘
09:49:33,61.99,0.02,23,142559,买盘
09:49:36,61.96,-0.03,244,1511665,卖盘
09:49:40,61.96,0.0,24,148707,卖盘
09:49:43,61.96,0.0,29,179699,中性盘
09:49:46,61.95,-0.01,45,278816,卖盘
09:49:49,61.97,0.02,183,1134110,买盘
09:49:52,61.95,-0.02,71,439944,卖盘
09:49:54,61.97,0.02,212,1314283,卖盘
09:49:57,61.97,0.0,49,303653,买盘
09:50:01,61.96,-0.01,18,111540,卖盘
09:50:04,61.97,0.01,47,291242,买盘
09:50:07,61.95,-0.02,139,861156,卖盘
09:50:10,61.95,0.0,85,526500,买盘
09:50:13,61.95,0.0,132,817579,买盘
09:50:15,61.95,0.0,335,2074792,买盘
09:50:19,61.92,-0.03,90,557211,中性盘
09:50:22,61.9,-0.02,466,2884552,卖盘
09:50:25,61.9,0.0,78,482855,卖盘
09:50:28,61.9,0.0,110,680684,买盘
09:50:30,61.9,0.0,18,111403,买盘
09:50:34,61.9,0.0,79,488922,买盘
09:50:37,61.9,0.0,50,309485,买盘
09:50:40,61.89,-0.01,181,1120370,卖盘
09:50:43,61.89,0.0,15,92828,卖盘
09:50:46,61.9,0.01,147,909855,买盘
09:50:49,61.89,-0.01,43,266132,中性盘
09:50:51,61.89,0.0,46,284683,买盘
09:50:54,61.88,-0.01,100,618853,卖盘
09:50:57,61.9,0.02,119,736607,买盘
09:51:01,61.9,0.0,149,922329,卖盘
09:51:04,61.9,0.0,72,445677,卖盘
09:51:07,61.9,0.0,64,396219,卖盘
09:51:10,61.9,0.0,91,563228,买盘
09:51:12,61.93,0.03,32,198145,买盘
09:51:16,61.93,0.0,128,792465,买盘
09:51:18,61.93,0.0,38,235261,买盘
09:51:22,61.93,0.0,41,253824,买盘
09:51:24,61.92,-0.01,64,396320,卖盘
09:51:28,61.93,0.01,35,216721,买盘
09:51:30,61.93,0.0,31,191955,买盘
09:51:34,61.93,0.0,11,68123,卖盘
09:51:36,61.94,0.01,45,278722,买盘
09:51:39,61.95,0.01,11,68141,买盘
09:51:43,61.95,0.0,63,390211,买盘
09:51:46,61.95,0.0,7,43365,买盘
09:51:49,61.93,-0.02,40,247766,卖盘
09:51:52,61.95,0.02,34,210597,买盘
09:51:55,61.95,0.0,408,2527731,买盘
09:51:57,61.95,0.0,63,390333,买盘
09:52:01,61.94,-0.01,151,935571,卖盘
09:52:05,61.95,0.01,53,328323,买盘
09:52:07,62.0,0.05,23,142517,买盘
09:52:10,62.0,0.0,40,248000,买盘
09:52:13,61.98,-0.02,23,142521,买盘
09:52:16,61.95,-0.03,291,1802882,卖盘
09:52:19,61.98,0.03,22,136296,中性盘
09:52:21,61.98,0.0,36,223122,卖盘
09:52:25,61.99,0.01,23,142569,买盘
09:52:27,61.99,0.0,55,340913,买盘
09:52:31,61.98,-0.01,297,1840019,中性盘
09:52:34,62.0,0.02,60,371944,买盘
09:52:37,61.99,-0.01,76,471142,卖盘
09:52:39,62.0,0.01,280,1735985,买盘
09:52:43,62.0,0.0,166,1029130,买盘
09:52:46,62.0,0.0,51,316213,卖盘
09:52:49,62.0,0.0,79,489798,卖盘
09:52:52,62.02,0.02,22,136440,买盘
09:52:55,62.02,0.0,26,161232,买盘
09:52:57,62.0,-0.02,102,632448,卖盘
09:53:01,62.0,0.0,39,241799,买盘
09:53:04,62.01,0.01,169,1047798,买盘
09:53:07,62.02,0.01,36,223240,买盘
09:53:10,62.0,-0.02,32,198407,卖盘
09:53:13,62.02,0.02,87,539521,买盘
09:53:16,62.01,-0.01,16,99213,买盘
09:53:19,62.01,0.0,17,105420,卖盘
09:53:22,62.01,0.0,41,254244,卖盘
09:53:25,62.02,0.01,469,2908734,买盘
09:53:28,62.02,0.0,50,310066,买盘
09:53:31,62.03,0.01,40,246865,买盘
09:53:33,62.02,-0.01,56,347370,卖盘
09:53:37,62.05,0.03,23,142701,买盘
09:53:39,62.04,-0.01,14,86854,卖盘
09:53:43,62.05,0.01,38,235738,买盘
09:53:46,62.05,0.0,488,3028000,买盘
09:53:49,62.04,-0.01,78,483905,卖盘
09:53:51,62.05,0.01,38,235779,买盘
09:53:55,62.06,0.01,197,1222377,买盘
09:53:57,62.04,-0.02,48,297835,中性盘
09:54:01,62.05,0.01,70,434376,卖盘
09:54:04,62.06,0.01,123,763213,买盘
09:54:07,62.05,-0.01,16,99285,中性盘
09:54:09,62.07,0.02,102,632928,买盘
09:54:12,62.07,0.0,25,155154,买盘
09:54:16,62.07,0.0,58,359994,买盘
09:54:19,62.05,-0.02,108,670268,卖盘
09:54:22,62.07,0.02,33,204821,卖盘
09:54:24,62.07,0.0,25,155180,卖盘
09:54:27,62.08,0.01,129,800823,买盘
09:54:30,62.09,0.01,50,310406,买盘
09:54:34,62.08,-0.01,23,142796,卖盘
09:54:37,62.08,0.0,310,1924779,卖盘
09:54:39,62.09,0.01,292,1813278,卖盘
09:54:42,62.1,0.01,393,2440517,买盘
09:54:46,62.11,0.01,163,1012407,买盘
09:54:48,62.11,0.0,106,658488,卖盘
09:54:52,62.14,0.03,373,2318082,买盘
09:54:55,62.17,0.03,404,2511170,买盘
09:54:58,62.18,0.01,432,2686250,买盘
09:55:00,62.19,0.01,170,1057109,买盘
09:55:04,62.2,0.01,522,3246724,买盘
09:55:07,62.19,-0.01,174,1082162,卖盘
09:55:10,62.18,-0.01,232,1442883,卖盘
09:55:12,62.2,0.02,1086,6754962,买盘
09:55:15,62.16,-0.04,199,1237580,卖盘
09:55:19,62.18,0.02,82,509802,买盘
09:55:21,62.18,0.0,81,503581,买盘
09:55:25,62.19,0.01,116,721215,买盘
09:55:28,62.17,-0.02,107,665384,卖盘
09:55:30,62.15,-0.02,145,901324,卖盘
09:55:33,62.2,0.05,283,1759313,买盘
09:55:36,62.18,-0.02,46,285944,中性盘
09:55:40,62.18,0.0,33,205186,买盘
09:55:42,62.18,0.0,167,1038515,卖盘
09:55:46,62.18,0.0,482,2997764,卖盘
09:55:48,62.16,-0.02,193,1199594,卖盘
09:55:52,62.19,0.03,131,814538,买盘
09:55:54,62.19,0.0,187,1162833,买盘
09:55:58,62.19,0.0,236,1467757,卖盘
09:56:00,62.18,-0.01,77,478860,中性盘
09:56:04,62.19,0.01,133,827076,买盘
09:56:07,62.19,0.0,33,205203,卖盘
09:56:10,62.19,0.0,96,596920,买盘
09:56:13,62.19,0.0,53,329578,买盘
09:56:16,62.18,-0.01,296,1840872,卖盘
09:56:19,62.18,0.0,40,248686,中性盘
09:56:22,62.16,-0.02,64,397907,卖盘
09:56:25,62.18,0.02,54,335696,买盘
09:56:28,62.16,-0.02,53,329406,中性盘
09:56:31,62.18,0.02,205,1274495,买盘
09:56:34,62.16,-0.02,45,279657,卖盘
09:56:36,62.15,-0.01,136,845314,中性盘
09:56:39,62.18,0.03,417,2592243,买盘
09:56:42,62.13,-0.05,19,118075,卖盘
09:56:46,62.16,0.03,68,422633,买盘
09:56:49,62.15,-0.01,47,292123,卖盘
09:56:51,62.16,0.01,357,2219186,买盘
09:56:55,62.16,0.0,59,366717,卖盘
09:56:58,62.15,-0.01,31,192705,卖盘
09:57:00,62.15,0.0,21,130499,买盘
09:57:05,62.15,0.0,121,751957,卖盘
09:57:07,62.12,-0.03,88,546744,卖盘
09:57:10,62.15,0.03,133,826470,买盘
09:57:12,62.12,-0.03,78,484690,卖盘
09:57:15,62.11,-0.01,153,950324,卖盘
09:57:19,62.13,0.02,186,1155263,买盘
09:57:22,62.1,-0.03,48,298102,卖盘
09:57:25,62.1,0.0,54,335333,买盘
09:57:27,62.1,0.0,227,1409577,买盘
09:57:31,62.08,-0.02,109,676671,卖盘
09:57:34,62.08,0.0,86,533933,买盘
09:57:37,62.08,0.0,17,105520,买盘
09:57:39,62.08,0.0,24,148984,买盘
09:57:42,62.06,-0.02,21,130334,卖盘
09:57:45,62.06,0.0,68,422056,卖盘
09:57:48,62.06,0.0,143,887381,卖盘
09:57:51,62.04,-0.02,31,192347,卖盘
09:57:55,62.06,0.02,64,397222,买盘
09:57:58,62.04,-0.02,33,204788,卖盘
09:58:00,62.04,0.0,23,142714,买盘
09:58:04,62.04,0.0,77,477860,卖盘
09:58:07,62.04,0.0,9,55848,卖盘
09:58:10,62.07,0.03,158,980441,买盘
09:58:12,62.08,0.01,101,627056,买盘
09:58:15,62.1,0.02,284,1763448,买盘
09:58:19,62.11,0.01,64,399715,买盘
09:58:22,62.08,-0.03,85,525643,卖盘
09:58:25,62.15,0.07,304,1888148,买盘
09:58:27,62.16,0.01,120,745776,买盘
09:58:31,62.16,0.0,502,3120964,买盘
09:58:34,62.2,0.04,1610,10015524,买盘
09:58:36,62.3,0.1,2945,18337834,买盘
09:58:40,62.32,0.02,2713,16911117,买盘
09:58:42,62.42,0.1,3083,19256257,买盘
09:58:46,62.56,0.14,1624,10151592,买盘
09:58:48,62.33,-0.23,471,2940808,卖盘
09:58:51,62.56,0.23,131,818244,买盘
09:58:55,62.5,-0.06,260,1625098,买盘
09:58:58,62.58,0.08,351,2194621,买盘
09:59:01,62.52,-0.06,211,1318110,中性盘
09:59:04,62.56,0.04,290,1812956,买盘
09:59:07,62.5,-0.06,148,924881,中性盘
09:59:09,62.46,-0.04,151,943949,中性盘
09:59:12,62.49,0.03,294,1836811,中性盘
09:59:16,62.46,-0.03,274,1711841,中性盘
09:59:19,62.49,0.03,711,4442757,买盘
09:59:22,62.48,-0.01,317,1980204,卖盘
09:59:24,62.48,0.0,222,1386418,中性盘
09:59:28,62.46,-0.02,255,1592864,卖盘
09:59:31,62.46,0.0,384,2398419,买盘
09:59:34,62.5,0.04,1045,6528069,买盘
09:59:36,62.46,-0.04,116,724723,卖盘
09:59:40,62.46,0.0,222,1387214,买盘
09:59:42,62.46,0.0,113,706068,卖盘
09:59:46,62.46,0.0,108,674643,卖盘
09:59:49,62.47,0.01,255,1592901,中性盘
09:59:51,62.51,0.04,490,3062794,买盘
09:59:54,62.5,-0.01,319,1993997,卖盘
09:59:58,62.5,0.0,318,1986784,卖盘
10:00:01,62.52,0.02,330,2062908,买盘
10:00:04,62.54,0.02,403,2520058,买盘
10:00:07,62.5,-0.04,286,1787115,卖盘
10:00:09,62.52,0.02,178,1112482,买盘
10:00:12,62.49,-0.03,113,706130,中性盘
10:00:16,62.51,0.02,681,4255056,买盘
10:00:19,62.51,0.0,1232,7701062,买盘
10:00:21,62.5,-0.01,196,1225043,卖盘
10:00:24,62.5,0.0,88,550527,买盘
10:00:27,62.51,0.01,192,1200075,买盘
10:00:31,62.5,-0.01,366,2287859,卖盘
10:00:33,62.51,0.01,228,1425255,买盘
10:00:37,62.53,0.02,858,5364117,买盘
10:00:39,62.5,-0.03,653,4081182,卖盘
10:00:42,62.51,0.01,926,5789724,买盘
10:00:46,62.5,-0.01,533,3331311,卖盘
10:00:48,62.51,0.01,187,1168990,买盘
10:00:52,62.51,0.0,112,700090,买盘
10:00:55,62.5,-0.01,713,4456276,卖盘
10:00:58,62.5,0.0,305,1906409,卖盘
10:01:01,62.5,0.0,433,2706228,买盘
10:01:04,62.5,0.0,497,3105007,买盘
10:01:06,62.47,-0.03,180,1124826,中性盘
10:01:09,62.49,0.02,773,4831055,买盘
10:01:13,62.49,0.0,532,3324672,买盘
10:01:16,62.45,-0.04,501,3130999,卖盘
10:01:19,62.5,0.05,437,2731351,买盘
10:01:22,62.52,0.02,491,3068954,买盘
10:01:25,62.49,-0.03,132,824693,卖盘
10:01:28,62.5,0.01,237,1481293,买盘
10:01:31,62.49,-0.01,992,6198937,卖盘
10:01:34,62.46,-0.03,311,1943470,卖盘
10:01:36,62.51,0.05,257,1606170,买盘
10:01:39,62.46,-0.05,458,2861114,卖盘
10:01:42,62.5,0.04,147,918604,买盘
10:01:46,62.5,0.0,125,781227,买盘
10:01:49,62.49,-0.01,114,712238,中性盘
10:01:52,62.47,-0.02,303,1893339,中性盘
10:01:54,62.49,0.02,232,1449763,买盘
10:01:58,62.49,0.0,126,787325,买盘
10:02:01,62.48,-0.01,124,774808,卖盘
10:02:04,62.48,0.0,57,356095,买盘
10:02:07,62.48,0.0,38,237394,买盘
10:02:10,62.47,-0.01,169,1055895,买盘
10:02:13,62.46,-0.01,52,324786,卖盘
10:02:15,62.47,0.01,454,2835478,买盘
10:02:19,62.45,-0.02,57,355918,中性盘
10:02:21,62.44,-0.01,65,405854,卖盘
10:02:24,62.44,0.0,156,974201,卖盘
10:02:28,62.4,-0.04,189,1179885,卖盘
10:02:30,62.42,0.02,100,624232,中性盘
10:02:34,62.42,0.0,144,898917,买盘
10:02:36,62.42,0.0,94,586731,买盘
10:02:39,62.45,0.03,195,1217410,买盘
10:02:43,62.42,-0.03,49,305870,卖盘
10:02:46,62.42,0.0,171,1067539,卖盘
10:02:49,62.45,0.03,73,455779,买盘
10:02:52,62.45,0.0,154,961679,卖盘
10:02:55,62.45,0.0,148,924370,买盘
10:02:58,62.47,0.02,186,1161887,买盘
10:03:00,62.45,-0.02,136,849855,卖盘
10:03:04,62.46,0.01,55,343004,买盘
10:03:06,62.45,-0.01,28,174854,中性盘
10:03:09,62.45,0.0,160,999399,买盘
10:03:12,62.45,0.0,123,768258,卖盘
10:03:15,62.46,0.01,89,555828,买盘
10:03:19,62.47,0.01,125,780830,买盘
10:03:21,62.47,0.0,89,555901,买盘
10:03:25,62.46,-0.01,70,437213,卖盘
10:03:27,62.45,-0.01,112,699449,卖盘
10:03:31,62.45,0.0,271,1692260,买盘
10:03:34,62.43,-0.02,178,1111546,卖盘
10:03:37,62.45,0.02,204,1273629,买盘
10:03:40,62.41,-0.04,121,755191,卖盘
10:03:43,62.43,0.02,49,305918,买盘
10:03:46,62.43,0.0,36,224730,买盘
10:03:49,62.43,0.0,27,168558,中性盘
10:03:52,62.42,-0.01,85,530674,卖盘
10:03:55,62.43,0.01,141,880349,买盘
10:03:57,62.43,0.0,136,848950,中性盘
10:04:01,62.42,-0.01,84,524410,中性盘
10:04:04,62.43,0.01,64,399498,买盘
10:04:06,62.42,-0.01,99,618030,卖盘
10:04:10,62.42,0.0,276,1722532,买盘
10:04:12,62.41,-0.01,41,255920,卖盘
10:04:16,62.42,0.01,160,998747,买盘
10:04:19,62.44,0.02,76,474448,买盘
10:04:22,62.41,-0.03,122,761720,卖盘
10:04:24,62.42,0.01,67,418151,买盘
10:04:28,62.41,-0.01,349,2177789,中性盘
10:04:31,62.38,-0.03,162,1011068,卖盘
10:04:33,62.38,0.0,129,804793,卖盘
10:04:36,62.36,-0.02,55,343001,卖盘
10:04:39,62.32,-0.04,309,1926845,卖盘
10:04:43,62.33,0.01,38,236827,中性盘
10:04:45,62.39,0.06,387,2412224,买盘
10:04:49,62.33,-0.06,16,99719,中性盘
10:04:51,62.33,0.0,58,361768,卖盘
10:04:55,62.39,0.06,114,711243,买盘
10:04:58,62.4,0.01,67,418043,买盘
10:05:00,62.39,-0.01,102,636225,中性盘
10:05:04,62.39,0.0,67,417971,买盘
10:05:06,62.4,0.01,21,131032,买盘
10:05:10,62.39,-0.01,225,1403349,卖盘
10:05:13,62.39,0.0,87,542635,买盘
10:05:15,62.39,0.0,87,542732,买盘
10:05:18,62.39,0.0,82,511597,买盘
10:05:21,62.39,0.0,117,729980,卖盘
10:05:24,62.4,0.01,210,1310364,买盘
10:05:28,62.4,0.0,392,2446034,买盘
10:05:31,62.4,0.0,295,1840546,买盘
10:05:34,62.42,0.02,109,680230,买盘
10:05:36,62.42,0.0,98,611684,买盘
10:05:40,62.4,-0.02,19,118576,卖盘
10:05:43,62.41,0.01,284,1772961,中性盘
10:05:46,62.4,-0.01,124,774089,卖盘
10:05:49,62.41,0.01,58,362012,卖盘
10:05:52,62.41,0.0,778,4858225,卖盘
10:05:54,62.42,0.01,126,786331,中性盘
10:05:58,62.45,0.03,237,1479891,买盘
10:06:00,62.45,0.0,152,949262,卖盘
10:06:04,62.44,-0.01,185,1155437,卖盘
10:06:07,62.46,0.02,141,880736,买盘
10:06:09,62.45,-0.01,144,899379,卖盘
10:06:13,62.46,0.01,37,231142,中性盘
10:06:15,62.46,0.0,269,1680401,买盘
10:06:18,62.48,0.02,58,362406,买盘
10:06:22,62.49,0.01,105,656109,买盘
10:06:25,62.46,-0.03,92,574737,卖盘
10:06:28,62.49,0.03,146,911918,买盘
10:06:30,62.47,-0.02,101,631116,卖盘
10:06:33,62.47,0.0,59,368622,卖盘
10:06:36,62.48,0.01,63,393629,买盘
10:06:40,62.47,-0.01,81,506142,卖盘
10:06:43,62.48,0.01,44,274904,卖盘
10:06:46,62.48,0.0,410,2561738,卖盘
10:06:48,62.49,0.01,235,1468298,买盘
10:06:52,62.47,-0.02,1027,6418644,卖盘
10:06:54,62.5,0.03,255,1593579,买盘
10:06:57,62.48,-0.02,172,1074881,卖盘
10:07:01,62.48,0.0,65,406209,卖盘
10:07:05,62.49,0.01,328,2049817,买盘
10:07:06,62.5,0.01,23,143732,买盘
10:07:10,62.49,-0.01,26,162491,卖盘
10:07:12,62.5,0.01,180,1124984,买盘
10:07:16,62.5,0.0,609,3806850,买盘
10:07:19,62.5,0.0,328,2050413,卖盘
10:07:22,62.5,0.0,136,850050,卖盘
10:07:24,62.5,0.0,72,450029,卖盘
10:07:27,62.5,0.0,87,543879,卖盘
10:07:30,62.51,0.01,166,1037791,中性盘
10:07:34,62.51,0.0,71,443780,买盘
10:07:36,62.52,0.01,546,3412862,买盘
10:07:40,62.51,-0.01,438,2738714,中性盘
10:07:43,62.52,0.01,47,293819,买盘
10:07:46,62.52,0.0,258,1613447,卖盘
10:07:49,62.55,0.03,1031,6448338,买盘
10:07:51,62.56,0.01,581,3634486,买盘
10:07:54,62.58,0.02,809,5061287,买盘
10:07:57,62.57,-0.01,347,2171935,卖盘
10:08:01,62.6,0.03,527,3298871,买盘
10:08:04,62.6,0.0,1006,6297877,买盘
10:08:07,62.6,0.0,291,1822174,卖盘
10:08:10,62.63,0.03,166,1039687,中性盘
10:08:12,62.65,0.02,242,1515686,买盘
10:08:16,62.65,0.0,112,701587,买盘
10:08:19,62.66,0.01,536,3355296,买盘
10:08:22,62.65,-0.01,208,1303190,卖盘
10:08:24,62.66,0.01,131,820818,买盘
10:08:28,62.66,0.0,111,695539,买盘
10:08:31,62.66,0.0,186,1165517,卖盘
10:08:33,62.66,0.0,348,2180883,卖盘
10:08:36,62.67,0.01,362,2268680,买盘
10:08:39,62.67,0.0,101,632999,卖盘
10:08:42,62.72,0.05,1144,7172869,买盘
10:08:45,62.73,0.01,123,771240,买盘
10:08:48,62.73,0.0,51,319859,买盘
10:08:51,62.73,0.0,432,2710894,买盘
10:08:54,62.77,0.04,362,2276073,买盘
10:08:57,62.8,0.03,583,3660781,买盘
10:09:00,62.8,0.0,79,496034,买盘
10:09:05,62.8,0.0,537,3372107,买盘
10:09:07,62.81,0.01,330,2073107,买盘
10:09:10,62.85,0.04,565,3550836,买盘
10:09:13,62.84,-0.01,288,1810316,卖盘
10:09:15,62.86,0.02,282,1772966,买盘
10:09:19,62.85,-0.01,110,692721,卖盘
10:09:21,62.85,0.0,873,5483888,卖盘
10:09:25,62.86,0.01,233,1464336,买盘
10:09:27,62.85,-0.01,280,1759734,卖盘
10:09:30,62.86,0.01,166,1043399,买盘
10:09:34,62.86,0.0,356,2237739,卖盘
10:09:36,62.82,-0.04,260,1634043,卖盘
10:09:40,62.83,0.01,576,3621080,买盘
10:09:43,62.87,0.04,370,2325489,买盘
10:09:45,62.84,-0.03,148,930319,卖盘
10:09:49,62.85,0.01,303,1904407,买盘
10:09:52,62.87,0.02,323,2030613,买盘
10:09:55,62.85,-0.02,275,1728435,卖盘
10:09:57,62.85,0.0,119,747875,买盘
10:10:00,62.85,0.0,768,4828384,卖盘
10:10:04,62.84,-0.01,131,823277,卖盘
10:10:06,62.82,-0.02,363,2281051,卖盘
10:10:09,62.77,-0.05,738,4634315,卖盘
10:10:12,62.68,-0.09,839,5268244,卖盘
10:10:15,62.68,0.0,242,1516771,卖盘
10:10:18,62.77,0.09,301,1887112,买盘
10:10:22,62.66,-0.11,223,1398451,卖盘
10:10:25,62.65,-0.01,57,357133,卖盘
10:10:28,62.68,0.03,147,921199,买盘
10:10:31,62.67,-0.01,69,432464,卖盘
10:10:33,62.67,0.0,90,564132,卖盘
10:10:37,62.67,0.0,79,495103,卖盘
10:10:39,62.67,0.0,143,896228,卖盘
10:10:42,62.68,0.01,75,470094,卖盘
10:10:45,62.7,0.02,77,482644,买盘
10:10:49,62.69,-0.01,121,758398,卖盘
10:10:51,62.68,-0.01,22,137922,卖盘
10:10:55,62.67,-0.01,211,1322617,卖盘
10:10:57,62.68,0.01,119,745843,买盘
10:11:01,62.69,0.01,84,526539,买盘
10:11:04,62.69,0.0,168,1053295,卖盘
10:11:07,62.71,0.02,110,689777,买盘
10:11:10,62.71,0.0,21,131718,卖盘
10:11:13,62.71,0.0,62,388931,卖盘
10:11:16,62.74,0.03,35,219575,卖盘
10:11:18,62.74,0.0,128,802900,卖盘
10:11:22,62.75,0.01,135,846826,买盘
10:11:24,62.75,0.0,110,690274,卖盘
10:11:27,62.76,0.01,130,815875,买盘
10:11:30,62.77,0.01,206,1292817,买盘
10:11:34,62.77,0.0,134,841152,买盘
10:11:37,62.79,0.02,88,552492,买盘
10:11:39,62.8,0.01,226,1419171,买盘
10:11:42,62.8,0.0,232,1456805,买盘
10:11:45,62.8,0.0,73,458441,卖盘
10:11:48,62.8,0.0,189,1187043,卖盘
10:11:51,62.81,0.01,82,515049,买盘
10:11:55,62.82,0.01,700,4398208,买盘
10:11:58,62.82,0.0,69,433465,卖盘
10:12:00,62.81,-0.01,160,1005465,卖盘
10:12:04,62.81,0.0,152,954761,卖盘
10:12:07,62.85,0.04,708,4447132,买盘
10:12:10,62.78,-0.07,235,1475647,卖盘
10:12:12,62.77,-0.01,194,1217885,卖盘
10:12:15,62.76,-0.01,167,1048189,卖盘
10:12:19,62.77,0.01,225,1412397,买盘
10:12:22,62.74,-0.03,62,389065,卖盘
10:12:25,62.73,-0.01,85,533381,卖盘
10:12:28,62.71,-0.02,47,294883,卖盘
10:12:31,62.74,0.03,135,847390,买盘
10:12:34,62.75,0.01,104,652311,买盘
10:12:37,62.73,-0.02,52,326148,卖盘
10:12:40,62.73,0.0,155,972339,买盘
10:12:42,62.74,0.01,155,972623,买盘
10:12:46,62.73,-0.01,139,872255,卖盘
10:12:49,62.76,0.03,103,646250,买盘
10:12:52,62.73,-0.03,61,382770,卖盘
10:12:54,62.75,0.02,111,696529,买盘
10:12:58,62.77,0.02,383,2402895,买盘
10:13:01,62.77,0.0,210,1318358,卖盘
10:13:04,62.78,0.01,190,1192836,买盘
10:13:07,62.78,0.0,153,960552,卖盘
10:13:10,62.8,0.02,780,4898281,买盘
10:13:12,62.83,0.03,230,1444757,买盘
10:13:16,62.85,0.02,356,2237017,买盘
10:13:18,62.83,-0.02,209,1313083,中性盘
10:13:21,62.83,0.0,203,1275358,买盘
10:13:24,62.82,-0.01,77,483759,卖盘
10:13:27,62.82,0.0,89,559056,买盘
10:13:30,62.82,0.0,177,1111803,买盘
10:13:33,62.82,0.0,401,2519371,买盘
10:13:36,62.85,0.03,1014,6373483,买盘
10:13:39,62.8,-0.05,210,1318510,卖盘
10:13:43,62.85,0.05,481,3023147,买盘
10:13:46,62.83,-0.02,105,659604,中性盘
10:13:48,62.84,0.01,43,270205,中性盘
10:13:52,62.85,0.01,30,188515,买盘
10:13:54,62.84,-0.01,203,1275650,卖盘
10:13:57,62.85,0.01,130,816977,买盘
10:14:01,62.85,0.0,139,873511,买盘
10:14:04,62.82,-0.03,496,3117182,卖盘
10:14:06,62.84,0.02,177,1112180,中性盘
10:14:09,62.82,-0.02,67,420971,卖盘
10:14:13,62.84,0.02,119,747653,买盘
10:14:16,62.84,0.0,78,490016,买盘
10:14:19,62.84,0.0,131,823111,买盘
10:14:21,62.82,-0.02,215,1350493,卖盘
10:14:24,62.81,-0.01,244,1532665,卖盘
10:14:27,62.8,-0.01,182,1143131,卖盘
10:14:30,62.78,-0.02,197,1237143,卖盘
10:14:34,62.8,0.02,58,364139,买盘
10:14:36,62.79,-0.01,71,445769,中性盘
10:14:39,62.81,0.02,192,1205727,买盘
10:14:43,62.8,-0.01,148,929451,卖盘
10:14:45,62.78,-0.02,133,835215,卖盘
10:14:48,62.8,0.02,171,1073823,买盘
10:14:52,62.77,-0.03,151,947869,卖盘
10:14:55,62.76,-0.01,106,665287,卖盘
10:14:58,62.77,0.01,141,884926,买盘
10:15:00,62.73,-0.04,307,1926885,卖盘
10:15:04,62.76,0.03,248,1556349,买盘
10:15:07,62.73,-0.03,64,401485,买盘
10:15:10,62.73,0.0,88,552192,卖盘
10:15:12,62.73,0.0,71,445471,卖盘
10:15:16,62.73,0.0,152,953399,买盘
10:15:18,62.73,0.0,66,413950,买盘
10:15:22,62.7,-0.03,180,1128778,卖盘
10:15:24,62.73,0.03,107,671035,买盘
10:15:27,62.7,-0.03,184,1153502,卖盘
10:15:31,62.7,0.0,98,614345,买盘
10:15:33,62.71,0.01,97,608166,买盘
10:15:37,62.7,-0.01,88,551698,卖盘
10:15:39,62.66,-0.04,68,426270,卖盘
10:15:43,62.7,0.04,114,714541,买盘
10:15:45,62.69,-0.01,63,394754,卖盘
10:15:49,62.69,0.0,120,751993,买盘
10:15:52,62.64,-0.05,94,588805,卖盘
10:15:55,62.66,0.02,53,331979,买盘
10:15:58,62.64,-0.02,28,175370,中性盘
10:16:00,62.5,-0.14,998,6240502,卖盘
10:16:04,62.61,0.11,791,4944192,买盘
10:16:07,62.64,0.03,101,631960,买盘
10:16:10,62.64,0.0,185,1158726,买盘
10:16:13,62.66,0.02,174,1090464,买盘
10:16:16,62.7,0.04,196,1228138,买盘
10:16:18,62.69,-0.01,78,489026,卖盘
10:16:21,62.7,0.01,61,382448,买盘
10:16:24,62.72,0.02,154,965734,买盘
10:16:27,62.75,0.03,177,1110533,买盘
10:16:30,62.76,0.01,384,2410173,买盘
10:16:33,62.76,0.0,18,112958,卖盘
10:16:36,62.75,-0.01,222,1393779,买盘
10:16:39,62.75,0.0,35,219647,买盘
10:16:43,62.77,0.02,51,320090,买盘
10:16:46,62.76,-0.01,72,451999,卖盘
10:16:49,62.76,0.0,50,313852,卖盘
10:16:51,62.75,-0.01,158,991697,卖盘
10:16:54,62.75,0.0,35,219589,买盘
10:16:57,62.74,-0.01,19,119207,买盘
10:17:01,62.73,-0.01,121,759086,卖盘
10:17:04,62.71,-0.02,125,784207,卖盘
10:17:07,62.73,0.02,147,922202,买盘
10:17:09,62.73,0.0,57,357537,卖盘
10:17:12,62.71,-0.02,32,200675,卖盘
10:17:15,62.72,0.01,40,250871,买盘
10:17:19,62.73,0.01,242,1517697,买盘
10:17:22,62.71,-0.02,43,269634,卖盘
10:17:24,62.73,0.02,151,947064,买盘
10:17:28,62.7,-0.03,46,288506,卖盘
10:17:31,62.71,0.01,74,464156,中性盘
10:17:33,62.7,-0.01,117,733765,卖盘
10:17:36,62.7,0.0,88,551804,卖盘
10:17:39,62.71,0.01,40,250815,卖盘
10:17:43,62.7,-0.01,69,432701,卖盘
10:17:45,62.73,0.03,242,1517864,买盘
10:17:49,62.69,-0.04,27,169283,卖盘
10:17:51,62.7,0.01,24,150467,买盘
10:17:55,62.71,0.01,35,219462,买盘
10:17:57,62.69,-0.02,50,313465,卖盘
10:18:00,62.69,0.0,30,188070,买盘
10:18:04,62.69,0.0,81,507773,买盘
10:18:06,62.7,0.01,11,68968,买盘
10:18:09,62.69,-0.01,103,645748,卖盘
10:18:12,62.7,0.01,75,470218,买盘
10:18:16,62.7,0.0,37,231974,买盘
10:18:19,62.7,0.0,218,1366842,卖盘
10:18:21,62.7,0.0,63,395011,买盘
10:18:25,62.7,0.0,61,382478,卖盘
10:18:27,62.7,0.0,71,445205,卖盘
10:18:30,62.7,0.0,80,501583,买盘
10:18:34,62.7,0.0,38,238241,买盘
10:18:37,62.7,0.0,60,376187,买盘
10:18:40,62.7,0.0,38,238226,买盘
10:18:43,62.69,-0.01,61,382444,卖盘
10:18:46,62.68,-0.01,183,1147264,卖盘
10:18:48,62.68,0.0,43,269512,买盘
10:18:51,62.69,0.01,11,68951,买盘
10:18:54,62.67,-0.02,3,18801,卖盘
10:18:58,62.67,0.0,394,2470160,买盘
10:19:01,62.67,0.0,95,595297,买盘
10:19:05,62.66,-0.01,54,338391,卖盘
10:19:06,62.67,0.01,28,175446,买盘
10:19:09,62.66,-0.01,17,106515,中性盘
10:19:13,62.64,-0.02,22,137832,卖盘
10:19:16,62.66,0.02,114,714343,买盘
10:19:18,62.66,0.0,26,162912,卖盘
10:19:21,62.65,-0.01,117,733075,卖盘
10:19:24,62.65,0.0,64,400976,卖盘
10:19:27,62.66,0.01,114,714358,买盘
10:19:31,62.66,0.0,61,382226,卖盘
10:19:34,62.66,0.0,38,238110,卖盘
10:19:37,62.66,0.0,47,294489,卖盘
10:19:40,62.66,0.0,28,175443,买盘
10:19:43,62.66,0.0,71,444868,买盘
10:19:45,62.66,0.0,32,200502,卖盘
10:19:49,62.66,0.0,187,1171732,卖盘
10:19:52,62.64,-0.02,23,144100,卖盘
10:19:55,62.64,0.0,84,526290,卖盘
10:19:57,62.64,0.0,148,927027,卖盘
10:20:00,62.64,0.0,63,394572,买盘
10:20:04,62.63,-0.01,27,169164,卖盘
10:20:07,62.61,-0.02,51,319383,卖盘
10:20:09,62.6,-0.01,150,939116,卖盘
10:20:13,62.58,-0.02,229,1433530,卖盘
10:20:16,62.55,-0.03,143,895025,卖盘
10:20:19,62.52,-0.03,37,231455,卖盘
10:20:22,62.6,0.08,50,312766,买盘
10:20:25,62.57,-0.03,39,243871,买盘
10:20:27,62.53,-0.04,58,362668,中性盘
10:20:30,62.52,-0.01,42,262589,卖盘
10:20:33,62.51,-0.01,54,337155,卖盘
10:20:36,62.52,0.01,39,243806,买盘
10:20:40,62.51,-0.01,45,281308,卖盘
10:20:43,62.52,0.01,91,568885,买盘
10:20:46,62.51,-0.01,61,381317,卖盘
10:20:48,62.52,0.01,161,1006594,买盘
10:20:51,62.51,-0.01,175,1093978,卖盘
10:20:54,62.51,0.0,176,1100216,卖盘
10:20:57,62.52,0.01,102,634946,买盘
10:21:00,62.52,0.0,32,200054,买盘
10:21:04,62.52,0.0,38,237581,卖盘
10:21:06,62.54,0.02,102,637692,买盘
10:21:10,62.52,-0.02,133,834510,卖盘
10:21:13,62.52,0.0,342,2137625,买盘
10:21:15,62.48,-0.04,76,475002,卖盘
10:21:19,62.52,0.04,134,837748,买盘
10:21:21,62.52,0.0,70,437577,卖盘
10:21:24,62.48,-0.04,72,451086,卖盘
10:21:27,62.5,0.02,29,181266,中性盘
10:21:31,62.5,0.0,59,368764,卖盘
10:21:34,62.5,0.0,42,262507,卖盘
10:21:36,62.49,-0.01,68,424980,卖盘
10:21:39,62.5,0.01,204,1274718,买盘
10:21:43,62.49,-0.01,69,431150,中性盘
10:21:45,62.49,0.0,271,1693665,中性盘
10:21:48,62.49,0.0,146,912409,中性盘
10:21:52,62.47,-0.02,11,68716,卖盘
10:21:54,62.48,0.01,10,62479,买盘
10:21:58,62.48,0.0,5,31240,买盘
10:22:00,62.46,-0.02,129,805948,卖盘
10:22:04,62.46,0.0,69,429908,卖盘
10:22:06,62.46,0.0,286,1786356,买盘
10:22:10,62.45,-0.01,56,349729,卖盘
10:22:12,62.45,0.0,37,231057,卖盘
10:22:16,62.44,-0.01,63,393378,卖盘
10:22:19,62.44,0.0,174,1086586,卖盘
10:22:22,62.44,0.0,29,181063,买盘
10:22:25,62.45,0.01,168,1049050,买盘
10:22:28,62.45,0.0,191,1192497,买盘
10:22:31,62.44,-0.01,82,511969,中性盘
10:22:33,62.44,0.0,19,118631,买盘
10:22:37,62.42,-0.02,91,568072,卖盘
10:22:40,62.44,0.02,140,873996,买盘
10:22:43,62.42,-0.02,143,892633,卖盘
10:22:45,62.42,0.0,19,118604,卖盘
10:22:48,62.44,0.02,69,430787,买盘
10:22:51,62.42,-0.02,76,474497,卖盘
10:22:54,62.42,0.0,24,149816,卖盘
10:22:57,62.43,0.01,105,655453,买盘
10:23:01,62.43,0.0,47,293430,卖盘
10:23:04,62.43,0.0,31,193547,卖盘
10:23:06,62.43,0.0,95,593144,卖盘
10:23:09,62.43,0.0,211,1317460,卖盘
10:23:12,62.45,0.02,32,199797,买盘
10:23:16,62.45,0.0,47,293475,买盘
10:23:19,62.45,0.0,167,1042978,买盘
10:23:22,62.47,0.02,170,1061825,买盘
10:23:25,62.45,-0.02,32,199838,卖盘
10:23:27,62.45,0.0,40,249798,买盘
10:23:31,62.45,0.0,148,924234,买盘
10:23:33,62.45,0.0,48,299752,买盘
10:23:36,62.45,0.0,73,455877,买盘
10:23:40,62.45,0.0,76,474630,卖盘
10:23:42,62.46,0.01,44,274808,卖盘
10:23:46,62.46,0.0,84,524655,卖盘
10:23:48,62.47,0.01,46,287340,买盘
10:23:52,62.47,0.0,25,156183,卖盘
10:23:55,62.47,0.0,78,487282,卖盘
10:23:58,62.47,0.0,138,862232,卖盘
10:24:00,62.48,0.01,78,487326,卖盘
10:24:04,62.49,0.01,42,262428,买盘
10:24:06,62.48,-0.01,51,318637,卖盘
10:24:09,62.49,0.01,298,1862089,买盘
10:24:12,62.48,-0.01,22,137466,卖盘
10:24:15,62.5,0.02,156,974954,买盘
10:24:19,62.5,0.0,160,999966,买盘
10:24:22,62.5,0.0,49,306263,卖盘
10:24:24,62.49,-0.01,280,1749878,卖盘
10:24:27,62.49,0.0,101,631137,买盘
10:24:30,62.48,-0.01,69,431168,卖盘
10:24:34,62.48,0.0,113,706101,卖盘
10:24:36,62.48,0.0,136,849822,卖盘
10:24:40,62.48,0.0,40,249959,卖盘
10:24:42,62.5,0.02,23,143739,买盘
10:24:45,62.5,0.0,2,12500,买盘
10:24:48,62.49,-0.01,59,368724,卖盘
10:24:52,62.49,0.0,121,756065,卖盘
10:24:54,62.49,0.0,129,806160,卖盘
10:24:58,62.5,0.01,55,343683,买盘
10:25:01,62.5,0.0,69,431246,买盘
10:25:04,62.5,0.0,32,200000,卖盘
10:25:07,62.5,0.0,18,112510,卖盘
10:25:10,62.5,0.0,69,431281,卖盘
10:25:13,62.5,0.0,498,3112545,卖盘
10:25:15,62.5,0.0,60,374986,买盘
10:25:19,62.5,0.0,30,187495,买盘
10:25:21,62.5,0.0,222,1387443,买盘
10:25:25,62.5,0.0,88,549978,买盘
10:25:27,62.5,0.0,18,112489,买盘
10:25:30,62.5,0.0,57,356203,买盘
10:25:33,62.5,0.0,86,537374,买盘
10:25:36,62.48,-0.02,71,443698,卖盘
10:25:40,62.49,0.01,32,199951,买盘
10:25:43,62.49,0.0,7,43742,买盘
10:25:46,62.48,-0.01,14,87473,卖盘
10:25:49,62.48,0.0,192,1199650,卖盘
10:25:52,62.48,0.0,46,287416,卖盘
10:25:54,62.48,0.0,52,324881,卖盘
10:25:58,62.45,-0.03,193,1205363,卖盘
10:26:01,62.47,0.02,266,1660956,买盘
10:26:04,62.44,-0.03,35,218552,卖盘
10:26:07,62.42,-0.02,144,899002,卖盘
10:26:10,62.43,0.01,78,486894,买盘
10:26:13,62.45,0.02,68,424557,买盘
10:26:15,62.42,-0.03,55,343343,卖盘
10:26:19,62.44,0.02,98,611767,买盘
10:26:22,62.42,-0.02,46,287193,卖盘
10:26:24,62.44,0.02,24,149841,买盘
10:26:28,62.43,-0.01,30,187318,卖盘
10:26:31,62.43,0.0,61,380834,卖盘
10:26:33,62.42,-0.01,28,174798,卖盘
10:26:36,62.43,0.01,53,330871,买盘
10:26:39,62.42,-0.01,50,312116,卖盘
10:26:43,62.42,0.0,57,355795,卖盘
10:26:46,62.42,0.0,34,212235,卖盘
10:26:49,62.41,-0.01,167,1042512,卖盘
10:26:52,62.41,0.0,311,1940884,卖盘
10:26:55,62.4,-0.01,93,580388,卖盘
10:26:58,62.41,0.01,176,1095825,买盘
10:27:00,62.4,-0.01,114,711380,卖盘
10:27:04,62.41,0.01,283,1766130,买盘
10:27:06,62.4,-0.01,79,495406,卖盘
10:27:09,62.43,0.03,484,3018956,买盘
10:27:13,62.43,0.0,87,545576,卖盘
10:27:15,62.42,-0.01,47,293390,卖盘
10:27:19,62.43,0.01,77,480696,买盘
10:27:21,62.42,-0.01,63,393276,卖盘
10:27:25,62.42,0.0,74,461960,卖盘
10:27:28,62.41,-0.01,104,649202,卖盘
10:27:31,62.43,0.02,54,337093,买盘
10:27:34,62.4,-0.03,223,1391733,卖盘
10:27:37,62.42,0.02,187,1166921,买盘
10:27:40,62.42,0.0,64,399453,买盘
10:27:43,62.4,-0.02,25,156023,卖盘
10:27:46,62.4,0.0,16,99858,卖盘
10:27:48,62.42,0.02,54,337020,买盘
10:27:51,62.42,0.0,129,805203,买盘
10:27:54,62.42,0.0,107,667799,买盘
10:27:57,62.42,0.0,77,480617,买盘
10:28:00,62.43,0.01,88,549358,买盘
10:28:05,62.43,0.0,62,387030,买盘
10:28:07,62.43,0.0,49,304810,买盘
10:28:09,62.45,0.02,164,1024014,买盘
10:28:13,62.46,0.01,151,943020,买盘
10:28:16,62.43,-0.03,332,2072744,卖盘
10:28:19,62.43,0.0,157,980035,买盘
10:28:22,62.47,0.04,266,1660769,买盘
10:28:25,62.43,-0.04,10,62442,卖盘
10:28:27,62.43,0.0,38,237265,卖盘
10:28:30,62.47,0.04,35,218582,买盘
10:28:33,62.45,-0.02,2,12490,中性盘
10:28:37,62.47,0.02,32,199879,买盘
10:28:39,62.47,0.0,10,62469,买盘
10:28:43,62.47,0.0,25,156180,买盘
10:28:46,62.48,0.01,413,2580416,买盘
10:28:48,62.48,0.0,69,431135,卖盘
10:28:52,62.5,0.02,50,312473,买盘
10:28:55,62.5,0.0,58,362492,买盘
10:28:58,62.47,-0.03,416,2599110,卖盘
10:29:00,62.47,0.0,97,605941,买盘
10:29:04,62.47,0.0,19,118700,买盘
10:29:07,62.46,-0.01,161,1005726,卖盘
10:29:10,62.46,0.0,88,549638,买盘
10:29:13,62.45,-0.01,89,555842,卖盘
10:29:16,62.44,-0.01,198,1236261,卖盘
10:29:19,62.43,-0.01,79,493254,卖盘
10:29:21,62.43,0.0,101,630650,买盘
10:29:24,62.44,0.01,50,312244,卖盘
10:29:28,62.44,0.0,19,118641,卖盘
10:29:31,62.44,0.0,20,124896,卖盘
10:29:34,62.44,0.0,59,368417,卖盘
10:29:37,62.46,0.02,113,705746,买盘
10:29:39,62.46,0.0,201,1255446,卖盘
10:29:43,62.46,0.0,58,362274,卖盘
10:29:46,62.46,0.0,269,1680187,卖盘
10:29:49,62.46,0.0,59,368504,卖盘
10:29:52,62.47,0.01,15,93704,买盘
10:29:55,62.47,0.0,11,68717,卖盘
10:29:57,62.47,0.0,17,106199,卖盘
10:30:01,62.48,0.01,21,131204,买盘
10:30:04,62.47,-0.01,15,93715,卖盘
10:30:07,62.48,0.01,45,281126,买盘
10:30:10,62.48,0.0,106,662243,买盘
10:30:12,62.48,0.0,26,162459,卖盘
10:30:16,62.48,0.0,51,318657,卖盘
10:30:19,62.49,0.01,46,287414,买盘
10:30:22,62.5,0.01,63,393675,买盘
10:30:25,62.49,-0.01,43,268708,中性盘
10:30:27,62.49,0.0,19,118737,卖盘
10:30:31,62.5,0.01,53,331226,买盘
10:30:33,62.5,0.0,579,3618729,买盘
10:30:36,62.5,0.0,63,393757,卖盘
10:30:40,62.49,-0.01,27,168752,卖盘
10:30:43,62.51,0.02,6,37511,卖盘
10:30:46,62.51,0.0,19,118782,卖盘
10:30:49,62.52,0.01,24,150034,买盘
10:30:51,62.51,-0.01,69,431372,卖盘
10:30:54,62.53,0.02,96,600186,买盘
10:30:58,62.52,-0.01,16,100032,卖盘
10:31:00,62.53,0.01,60,375164,买盘
10:31:05,62.53,0.0,13,81289,卖盘
10:31:07,62.55,0.02,24,152335,买盘
10:31:10,62.55,0.0,75,469100,买盘
10:31:12,62.55,0.0,99,619240,买盘
10:31:16,62.56,0.01,29,181441,买盘
10:31:18,62.56,0.0,16,100098,卖盘
10:31:21,62.57,0.01,74,462929,买盘
10:31:25,62.58,0.01,36,225279,买盘
10:31:27,62.58,0.0,53,331649,买盘
10:31:30,62.59,0.01,36,225299,买盘
10:31:33,62.58,-0.01,132,826102,卖盘
10:31:37,62.59,0.01,52,325480,买盘
10:31:39,62.59,0.0,40,250372,卖盘
10:31:42,62.6,0.01,229,1433518,买盘
10:31:45,62.61,0.01,45,281712,买盘
10:31:49,62.6,-0.01,6,37564,卖盘
10:31:52,62.62,0.02,35,219153,买盘
10:31:54,62.64,0.02,30,187821,买盘
10:31:57,62.63,-0.01,4,25052,卖盘
10:32:01,62.62,-0.01,94,588794,卖盘
10:32:05,62.64,0.02,54,338206,中性盘
10:32:06,62.65,0.01,128,801892,买盘
10:32:09,62.65,0.0,26,162892,卖盘
10:32:12,62.65,0.0,47,294485,卖盘
10:32:16,62.68,0.03,284,1779525,买盘
10:32:19,62.66,-0.02,135,846224,中性盘
10:32:22,62.67,0.01,14,87742,买盘
10:32:25,62.69,0.02,51,319670,买盘
10:32:28,62.7,0.01,306,1918611,买盘
10:32:31,62.69,-0.01,51,319729,卖盘
10:32:34,62.71,0.02,112,702102,买盘
10:32:36,62.71,0.0,108,672840,买盘
10:32:39,62.71,0.0,203,1272992,卖盘
10:32:43,62.72,0.01,140,877983,买盘
10:32:46,62.71,-0.01,137,863194,买盘
10:32:48,62.71,0.0,44,271720,买盘
10:32:51,62.74,0.03,412,2584457,买盘
10:32:55,62.71,-0.03,85,533128,卖盘
10:32:58,62.71,0.0,116,727572,卖盘
10:33:01,62.75,0.04,285,1788090,买盘
10:33:04,62.72,-0.03,83,520759,中性盘
10:33:06,62.75,0.03,695,4361045,买盘
10:33:10,62.75,0.0,215,1348998,卖盘
10:33:12,62.75,0.0,32,200781,买盘
10:33:15,62.72,-0.03,105,658789,卖盘
10:33:18,62.71,-0.01,54,338699,卖盘
10:33:22,62.75,0.04,275,1725216,买盘
10:33:25,62.74,-0.01,104,652436,中性盘
10:33:28,62.75,0.01,87,545878,买盘
10:33:31,62.73,-0.02,65,407774,卖盘
10:33:33,62.73,0.0,54,338699,买盘
10:33:36,62.73,0.0,62,388806,买盘
10:33:40,62.69,-0.04,116,727330,卖盘
10:33:43,62.73,0.04,70,439014,买盘
10:33:46,62.68,-0.05,301,1888151,卖盘
10:33:49,62.66,-0.02,12,75204,卖盘
10:33:52,62.7,0.04,73,457736,买盘
10:33:54,62.71,0.01,106,664541,买盘
10:33:57,62.71,0.0,65,407625,卖盘
10:34:01,62.71,0.0,93,583227,卖盘
10:34:05,62.71,0.0,46,288427,卖盘
10:34:07,62.68,-0.03,16,100317,卖盘
10:34:10,62.68,0.0,29,181801,卖盘
10:34:13,62.7,0.02,1,6270,买盘
10:34:15,62.68,-0.02,97,608058,卖盘
10:34:19,62.66,-0.02,63,394909,卖盘
10:34:22,62.69,0.03,53,332256,买盘
10:34:25,62.68,-0.01,65,407379,买盘
10:34:27,62.68,0.0,64,401157,卖盘
10:34:31,62.68,0.0,87,545315,卖盘
10:34:33,62.68,0.0,47,294574,买盘
10:34:36,62.67,-0.01,1,6267,卖盘
10:34:39,62.67,0.0,39,244413,卖盘
10:34:43,62.67,0.0,221,1384981,买盘
10:34:46,62.66,-0.01,188,1182223,卖盘
10:34:49,62.66,0.0,36,225572,卖盘
10:34:51,62.66,0.0,20,125309,买盘
10:34:54,62.65,-0.01,103,645240,卖盘
10:34:57,62.62,-0.03,25,156597,卖盘
10:35:01,62.65,0.03,50,313150,买盘
10:35:04,62.64,-0.01,34,212991,中性盘
10:35:07,62.64,0.0,1,6264,卖盘
10:35:09,62.63,-0.01,31,194156,卖盘
10:35:12,62.65,0.02,143,895626,买盘
10:35:16,62.61,-0.04,38,237989,卖盘
10:35:18,62.61,0.0,84,526021,卖盘
10:35:21,62.61,0.0,45,281782,卖盘
10:35:25,62.61,0.0,25,156527,卖盘
10:35:27,62.61,0.0,26,162792,卖盘
10:35:30,62.61,0.0,73,457100,卖盘
10:35:34,62.6,-0.01,51,319308,卖盘
10:35:37,62.6,0.0,65,406904,卖盘
10:35:40,62.6,0.0,111,694861,卖盘
10:35:42,62.6,0.0,202,1264520,卖盘
10:35:45,62.6,0.0,66,413142,买盘
10:35:49,62.6,0.0,11,68853,买盘
10:35:51,62.6,0.0,383,2397563,买盘
10:35:54,62.6,0.0,80,500800,买盘
10:35:57,62.6,0.0,44,275440,卖盘
10:36:00,62.6,0.0,101,632297,卖盘
10:36:04,62.6,0.0,88,550894,卖盘
10:36:07,62.6,0.0,90,563409,卖盘
10:36:10,62.61,0.01,132,826327,买盘
10:36:13,62.6,-0.01,46,287974,卖盘
10:36:15,62.6,0.0,155,970295,卖盘
10:36:18,62.6,0.0,14,87635,买盘
10:36:21,62.59,-0.01,17,106413,卖盘
10:36:24,62.59,0.0,6,37554,卖盘
10:36:27,62.59,0.0,20,125180,买盘
10:36:31,62.59,0.0,22,137696,买盘
10:36:34,62.58,-0.01,34,212796,卖盘
10:36:37,62.58,0.0,24,150196,卖盘
10:36:40,62.58,0.0,42,262858,卖盘
10:36:42,62.6,0.02,144,901263,买盘
10:36:46,62.6,0.0,38,237864,买盘
10:36:49,62.59,-0.01,21,131429,中性盘
10:36:51,62.59,0.0,20,125179,买盘
10:36:54,62.59,0.0,260,1627493,卖盘
10:36:57,62.59,0.0,14,87628,卖盘
10:37:00,62.6,0.01,69,431932,买盘
10:37:04,62.59,-0.01,7,43814,卖盘
10:37:07,62.6,0.01,43,269162,买盘
10:37:09,62.59,-0.01,89,557080,卖盘
10:37:12,62.6,0.01,63,394349,买盘
10:37:16,62.6,0.0,23,143977,买盘
10:37:19,62.59,-0.01,29,181519,卖盘
10:37:22,62.58,-0.01,40,250361,卖盘
10:37:24,62.59,0.01,46,287927,中性盘
10:37:27,62.58,-0.01,32,200278,卖盘
10:37:31,62.58,0.0,19,118911,卖盘
10:37:33,62.58,0.0,222,1389654,买盘
10:37:36,62.57,-0.01,32,200242,卖盘
10:37:40,62.6,0.03,323,2021253,买盘
10:37:43,62.57,-0.03,37,231522,中性盘
10:37:45,62.57,0.0,16,100115,买盘
10:37:48,62.58,0.01,15,93868,买盘
10:37:52,62.58,0.0,45,281585,买盘
10:37:55,62.58,0.0,19,118897,买盘
10:37:57,62.57,-0.01,63,394238,卖盘
10:38:00,62.58,0.01,21,131413,中性盘
10:38:04,62.58,0.0,13,81365,卖盘
10:38:07,62.59,0.01,50,312916,买盘
10:38:10,62.58,-0.01,25,156450,卖盘
10:38:13,62.59,0.01,69,431871,买盘
10:38:15,62.59,0.0,13,81374,卖盘
10:38:19,62.59,0.0,37,231583,卖盘
10:38:22,62.59,0.0,66,413040,买盘
10:38:24,62.58,-0.01,62,388014,卖盘
10:38:28,62.58,0.0,124,775958,卖盘
10:38:31,62.59,0.01,47,294128,买盘
10:38:34,62.59,0.0,30,187770,卖盘
10:38:36,62.57,-0.02,91,569515,卖盘
10:38:39,62.58,0.01,11,68837,卖盘
10:38:43,62.58,0.0,91,569478,买盘
10:38:45,62.57,-0.01,101,632002,卖盘
10:38:48,62.57,0.0,7,43801,卖盘
10:38:52,62.58,0.01,14,87606,买盘
10:38:55,62.57,-0.01,25,156442,卖盘
10:38:58,62.57,0.0,14,87602,卖盘
10:39:00,62.57,0.0,69,431771,卖盘
10:39:04,62.57,0.0,242,1514094,卖盘
10:39:07,62.57,0.0,108,675665,买盘
10:39:10,62.56,-0.01,26,162680,卖盘
10:39:13,62.56,0.0,30,187699,卖盘
10:39:16,62.57,0.01,55,344109,买盘
10:39:18,62.57,0.0,2,12514,买盘
10:39:22,62.57,0.0,34,212719,买盘
10:39:25,62.56,-0.01,84,525532,卖盘
10:39:27,62.55,-0.01,25,156379,卖盘
10:39:31,62.56,0.01,17,106350,买盘
10:39:34,62.56,0.0,52,325262,买盘
10:39:36,62.55,-0.01,139,869448,卖盘
10:39:39,62.56,0.01,219,1369991,买盘
10:39:43,62.56,0.0,24,150144,卖盘
10:39:46,62.56,0.0,145,907133,卖盘
10:39:49,62.56,0.0,244,1526417,卖盘
10:39:52,62.56,0.0,72,450370,买盘
10:39:54,62.56,0.0,247,1545255,买盘
10:39:58,62.57,0.01,69,431671,买盘
10:40:00,62.53,-0.04,24,150080,卖盘
10:40:04,62.53,0.0,49,306425,卖盘
10:40:07,62.55,0.02,190,1188074,买盘
10:40:10,62.55,0.0,48,300201,买盘
10:40:12,62.53,-0.02,34,212631,卖盘
10:40:16,62.53,0.0,27,168835,买盘
10:40:18,62.52,-0.01,7,43764,卖盘
10:40:22,62.52,0.0,18,112536,卖盘
10:40:25,62.51,-0.01,34,212552,卖盘
10:40:27,62.51,0.0,6,37506,卖盘
10:40:31,62.51,0.0,46,287556,卖盘
10:40:33,62.51,0.0,23,143782,卖盘
10:40:36,62.51,0.0,241,1506266,中性盘
10:40:40,62.5,-0.01,123,768740,卖盘
10:40:43,62.5,0.0,30,187500,买盘
10:40:46,62.5,0.0,26,162483,买盘
10:40:48,62.5,0.0,26,162490,买盘
10:40:51,62.5,0.0,11,68744,买盘
10:40:54,62.49,-0.01,33,206224,卖盘
10:40:58,62.5,0.01,21,131232,买盘
10:41:00,62.5,0.0,58,362465,买盘
10:41:04,62.49,-0.01,15,93721,买盘
10:41:07,62.48,-0.01,164,1024741,卖盘
10:41:10,62.49,0.01,129,806117,买盘
10:41:13,62.49,0.0,19,118736,卖盘
10:41:16,62.49,0.0,90,562420,卖盘
10:41:18,62.48,-0.01,48,299947,卖盘
10:41:21,62.48,0.0,133,830984,卖盘
10:41:25,62.48,0.0,30,187433,买盘
10:41:27,62.49,0.01,17,106225,买盘
10:41:30,62.48,-0.01,26,162432,中性盘
10:41:34,62.47,-0.01,12,74983,卖盘
10:41:37,62.48,0.01,351,2193057,买盘
10:41:39,62.48,0.0,15,93713,卖盘
10:41:42,62.49,0.01,2,12498,中性盘
10:41:46,62.5,0.01,223,1393797,买盘
10:41:48,62.48,-0.02,25,156232,卖盘
10:41:51,62.47,-0.01,27,168959,卖盘
10:41:54,62.48,0.01,18,112473,中性盘
10:41:57,62.48,0.0,5,31242,卖盘
10:42:01,62.47,-0.01,80,499603,卖盘
10:42:04,62.46,-0.01,52,324865,卖盘
10:42:07,62.45,-0.01,127,793256,卖盘
10:42:09,62.46,0.01,51,318505,中性盘
10:42:13,62.46,0.0,140,874313,卖盘
10:42:15,62.47,0.01,15,93699,买盘
10:42:19,62.48,0.01,35,218671,买盘
10:42:22,62.48,0.0,74,457971,买盘
10:42:25,62.48,0.0,54,337392,卖盘
10:42:27,62.46,-0.02,136,849681,卖盘
10:42:30,62.48,0.02,16,104327,中性盘
10:42:34,62.47,-0.01,12,74964,中性盘
10:42:36,62.45,-0.02,121,755738,卖盘
10:42:40,62.45,0.0,15,93675,卖盘
10:42:42,62.46,0.01,7,43722,买盘
10:42:46,62.45,-0.01,63,393445,卖盘
10:42:49,62.46,0.01,109,680815,买盘
10:42:51,62.46,0.0,143,893178,卖盘
10:42:54,62.45,-0.01,117,730628,卖盘
10:42:58,62.45,0.0,96,599488,买盘
10:43:01,62.44,-0.01,99,618200,卖盘
10:43:04,62.43,-0.01,142,886438,卖盘
10:43:07,62.4,-0.03,391,2440058,卖盘
10:43:10,62.38,-0.02,157,979641,卖盘
10:43:12,62.38,0.0,110,686163,卖盘
10:43:16,62.37,-0.01,141,879417,卖盘
10:43:19,62.36,-0.01,279,1739618,卖盘
10:43:22,62.35,-0.01,142,885362,卖盘
10:43:24,62.34,-0.01,151,941207,卖盘
10:43:27,62.33,-0.01,299,1863674,卖盘
10:43:31,62.31,-0.02,187,1165404,卖盘
10:43:34,62.31,0.0,39,242975,买盘
10:43:36,62.26,-0.05,402,2504186,卖盘
10:43:40,62.26,0.0,85,529288,买盘
10:43:43,62.25,-0.01,53,329943,卖盘
10:43:45,62.25,0.0,55,342410,卖盘
10:43:48,62.24,-0.01,43,267681,卖盘
10:43:51,62.24,0.0,59,367192,买盘
10:43:54,62.25,0.01,45,280086,买盘
10:43:58,62.22,-0.03,225,1399772,卖盘
10:44:01,62.23,0.01,71,441682,买盘
10:44:04,62.23,0.0,55,342165,买盘
10:44:07,62.2,-0.03,228,1418182,卖盘
10:44:09,62.2,0.0,26,161725,买盘
10:44:13,62.2,0.0,69,429201,卖盘
10:44:16,62.2,0.0,50,311011,卖盘
10:44:18,62.22,0.02,30,186672,买盘
10:44:22,62.22,0.0,32,199109,卖盘
10:44:24,62.24,0.02,35,217796,买盘
10:44:28,62.23,-0.01,17,105802,卖盘
10:44:30,62.24,0.01,57,354795,卖盘
10:44:33,62.24,0.0,158,983444,卖盘
10:44:36,62.25,0.01,129,802865,买盘
10:44:39,62.25,0.0,60,373503,卖盘
10:44:42,62.24,-0.01,49,304979,卖盘
10:44:45,62.28,0.04,42,261514,买盘
10:44:48,62.25,-0.03,17,105859,卖盘
10:44:52,62.29,0.04,49,305034,买盘
10:44:55,62.25,-0.04,19,118294,卖盘
10:44:57,62.3,0.05,21,130822,买盘
10:45:00,62.25,-0.05,63,392388,卖盘
10:45:04,62.3,0.05,30,186902,卖盘
10:45:07,62.27,-0.03,63,392481,卖盘
10:45:09,62.27,0.0,29,180631,卖盘
10:45:12,62.27,0.0,39,242922,卖盘
10:45:15,62.29,0.02,63,392364,买盘
10:45:19,62.29,0.0,17,105893,卖盘
10:45:22,62.3,0.01,66,411180,买盘
10:45:25,62.3,0.0,35,218051,卖盘
10:45:27,62.3,0.0,4,24920,卖盘
10:45:30,62.33,0.03,51,317801,买盘
10:45:33,62.31,-0.02,5,31156,卖盘
10:45:37,62.33,0.02,65,405043,买盘
10:45:40,62.33,0.0,84,523609,买盘
10:45:42,62.33,0.0,65,405197,买盘
10:45:45,62.34,0.01,59,367747,中性盘
10:45:49,62.33,-0.01,17,105966,卖盘
10:45:52,62.34,0.01,22,137133,买盘
10:45:54,62.34,0.0,11,68568,买盘
10:46:00,62.36,0.02,24,149624,买盘
10:46:04,62.36,0.0,17,106001,买盘
10:46:07,62.36,0.0,122,760842,卖盘
10:46:10,62.4,0.04,58,361816,买盘
10:46:13,62.38,-0.02,47,293203,中性盘
10:46:16,62.39,0.01,19,118551,中性盘
10:46:18,62.4,0.01,52,324477,买盘
10:46:22,62.4,0.0,42,262061,买盘
10:46:25,62.39,-0.01,45,280755,卖盘
10:46:27,62.4,0.01,48,299508,买盘
10:46:31,62.39,-0.01,107,667598,卖盘
10:46:34,62.4,0.01,111,692611,买盘
10:46:37,62.39,-0.01,113,705084,卖盘
10:46:40,62.39,0.0,25,155981,卖盘
10:46:43,62.39,0.0,72,449283,卖盘
10:46:46,62.4,0.01,17,106069,中性盘
10:46:49,62.42,0.02,42,262134,买盘
10:46:52,62.42,0.0,25,156022,买盘
10:46:54,62.4,-0.02,18,112324,卖盘
10:46:57,62.43,0.03,35,218463,买盘
10:47:01,62.41,-0.02,105,655220,中性盘
10:47:05,62.42,0.01,49,305926,买盘
10:47:07,62.45,0.03,401,2503263,买盘
10:47:10,62.42,-0.03,174,1086574,卖盘
10:47:13,62.45,0.03,18,112398,买盘
10:47:16,62.45,0.0,89,555779,买盘
10:47:18,62.45,0.0,10,62450,卖盘
10:47:22,62.45,0.0,6,37470,买盘
10:47:25,62.45,0.0,27,168604,买盘
10:47:27,62.43,-0.02,15,93668,卖盘
10:47:31,62.44,0.01,16,99904,中性盘
10:47:34,62.44,0.0,48,299730,买盘
10:47:37,62.42,-0.02,121,755356,卖盘
10:47:40,62.45,0.03,87,543155,买盘
10:47:43,62.45,0.0,23,143635,卖盘
10:47:45,62.43,-0.02,46,287255,卖盘
10:47:49,62.42,-0.01,4,24968,卖盘
10:47:52,62.42,0.0,14,87389,卖盘
10:47:55,62.43,0.01,9,56182,买盘
10:47:58,62.43,0.0,22,137327,买盘
10:48:00,62.45,0.02,109,680693,买盘
10:48:04,62.45,0.0,156,974316,卖盘
10:48:06,62.46,0.01,182,1136700,买盘
10:48:10,62.46,0.0,56,349769,卖盘
10:48:12,62.47,0.01,110,687078,买盘
10:48:16,62.47,0.0,35,218660,卖盘
10:48:19,62.46,-0.01,88,549724,卖盘
10:48:22,62.46,0.0,47,293534,买盘
10:48:24,62.45,-0.01,212,1324103,卖盘
10:48:28,62.44,-0.01,25,156112,卖盘
10:48:30,62.45,0.01,42,262319,中性盘
10:48:33,62.45,0.0,115,718210,卖盘
10:48:37,62.46,0.01,193,1205327,买盘
10:48:39,62.45,-0.01,241,1505243,卖盘
10:48:43,62.46,0.01,76,474680,买盘
10:48:46,62.45,-0.01,62,387208,卖盘
10:48:49,62.45,0.0,55,343499,卖盘
10:48:51,62.46,0.01,53,331032,买盘
10:48:54,62.46,0.0,9,56217,卖盘
10:48:58,62.47,0.01,33,206147,买盘
10:49:01,62.46,-0.01,15,93703,卖盘
10:49:04,62.47,0.01,12,74967,中性盘
10:49:07,62.46,-0.01,208,1299255,卖盘
10:49:10,62.47,0.01,150,937083,买盘
10:49:12,62.47,0.0,47,293613,卖盘
10:49:15,62.47,0.0,30,187443,卖盘
10:49:18,62.47,0.0,13,81221,卖盘
10:49:22,62.47,0.0,9,56223,卖盘
10:49:25,62.49,0.02,70,437367,买盘
10:49:28,62.49,0.0,9,56240,卖盘
10:49:31,62.47,-0.02,20,124954,买盘
10:49:34,62.49,0.02,305,1905948,买盘
10:49:37,62.48,-0.01,114,712057,中性盘
10:49:40,62.49,0.01,14,87448,买盘
10:49:43,62.47,-0.02,3,18741,卖盘
10:49:46,62.48,0.01,14,87475,中性盘
10:49:49,62.48,0.0,10,62476,卖盘
10:49:52,62.48,0.0,64,399879,买盘
10:49:54,62.48,0.0,19,118705,中性盘
10:49:57,62.47,-0.01,33,206157,卖盘
10:50:00,62.47,0.0,73,456126,中性盘
10:50:05,62.47,0.0,11,68708,买盘
10:50:07,62.45,-0.02,31,193595,卖盘
10:50:09,62.45,0.0,60,374700,买盘
10:50:13,62.45,0.0,18,112394,买盘
10:50:16,62.43,-0.02,23,143608,卖盘
10:50:19,62.42,-0.01,14,87398,卖盘
10:50:22,62.44,0.02,2,12488,买盘
10:50:25,62.44,0.0,12,74921,买盘
10:50:28,62.44,0.0,13,81167,买盘
10:50:30,62.44,0.0,14,87411,买盘
10:50:34,62.44,0.0,128,799213,买盘
10:50:37,62.43,-0.01,36,224728,卖盘
10:50:40,62.42,-0.01,36,224726,卖盘
10:50:43,62.43,0.01,56,349558,买盘
10:50:45,62.43,0.0,24,149828,买盘
10:50:48,62.42,-0.01,2,12485,卖盘
10:50:52,62.42,0.0,67,418261,卖盘
10:50:55,62.43,0.01,54,337076,买盘
10:50:58,62.42,-0.01,15,93630,卖盘
10:51:00,62.43,0.01,15,93644,买盘
10:51:04,62.42,-0.01,87,543057,卖盘
10:51:06,62.41,-0.01,82,511766,卖盘
10:51:09,62.42,0.01,35,218470,买盘
10:51:13,62.42,0.0,62,387004,买盘
10:51:15,62.41,-0.01,148,923697,卖盘
10:51:19,62.4,-0.01,52,324517,卖盘
10:51:22,62.41,0.01,357,2227847,买盘
10:51:25,62.41,0.0,108,673153,中性盘
10:51:28,62.4,-0.01,25,156010,卖盘
10:51:30,62.39,-0.01,25,156003,卖盘
10:51:34,62.4,0.01,20,124783,买盘
10:51:36,62.38,-0.02,158,985643,卖盘
10:51:40,62.39,0.01,18,112289,买盘
10:51:43,62.39,0.0,38,237060,买盘
10:51:45,62.36,-0.03,350,2182685,卖盘
10:51:48,62.36,0.0,52,324222,中性盘
10:51:52,62.39,0.03,43,268159,买盘
10:51:55,62.36,-0.03,13,81053,中性盘
10:51:58,62.35,-0.01,31,193341,卖盘
10:52:00,62.35,0.0,49,305502,买盘
10:52:04,62.34,-0.01,13,81053,中性盘
10:52:07,62.32,-0.02,42,261765,卖盘
10:52:10,62.32,0.0,114,710335,买盘
10:52:13,62.32,0.0,9,56076,买盘
10:52:15,62.31,-0.01,254,1582451,中性盘
10:52:19,62.3,-0.01,23,143307,卖盘
10:52:22,62.3,0.0,20,124614,中性盘
10:52:24,62.3,0.0,70,436140,买盘
10:52:27,62.32,0.02,132,822600,买盘
10:52:31,62.28,-0.04,55,342683,卖盘
10:52:33,62.28,0.0,6,37377,卖盘
10:52:36,62.3,0.02,142,884660,买盘
10:52:39,62.34,0.04,70,436358,买盘
10:52:42,62.34,0.0,131,816656,卖盘
10:52:45,62.32,-0.02,54,336582,卖盘
10:52:48,62.32,0.0,20,124632,买盘
10:52:51,62.32,0.0,57,355179,买盘
10:52:54,62.31,-0.01,46,286636,中性盘
10:52:57,62.31,0.0,72,448693,卖盘
10:53:00,62.31,0.0,55,342737,卖盘
10:53:04,62.34,0.03,38,236818,买盘
10:53:07,62.32,-0.02,86,535952,卖盘
10:53:09,62.34,0.02,21,130877,买盘
10:53:12,62.33,-0.01,17,105964,卖盘
10:53:16,62.34,0.01,15,93506,买盘
10:53:18,62.34,0.0,5,31169,买盘
10:53:21,62.34,0.0,12,74803,买盘
10:53:24,62.34,0.0,117,729352,买盘
10:53:28,62.34,0.0,25,155847,买盘
10:53:31,62.34,0.0,59,367793,买盘
10:53:34,62.34,0.0,32,199493,卖盘
10:53:37,62.35,0.01,88,548601,买盘
10:53:40,62.34,-0.01,14,87281,卖盘
10:53:43,62.34,0.0,131,816706,卖盘
10:53:46,62.34,0.0,27,168332,卖盘
10:53:49,62.35,0.01,68,423969,买盘
10:53:52,62.34,-0.01,14,87288,卖盘
10:53:55,62.34,0.0,28,174570,卖盘
10:53:58,62.34,0.0,59,367840,卖盘
10:54:01,62.35,0.01,60,374061,买盘
10:54:05,62.35,0.0,48,299267,买盘
10:54:07,62.35,0.0,144,897883,卖盘
10:54:10,62.35,0.0,12,74820,卖盘
10:54:13,62.36,0.01,11,68596,买盘
10:54:15,62.35,-0.01,8,49884,卖盘
10:54:19,62.38,0.03,26,162153,买盘
10:54:22,62.37,-0.01,17,106020,中性盘
10:54:24,62.37,0.0,36,224545,买盘
10:54:27,62.36,-0.01,115,717548,卖盘
10:54:31,62.39,0.03,19,118501,中性盘
10:54:33,62.38,-0.01,6,37440,卖盘
10:54:37,62.42,0.04,51,318128,买盘
10:54:39,62.39,-0.03,1,6239,买盘
10:54:42,62.39,0.0,16,99818,买盘
10:54:46,62.42,0.03,445,2778473,买盘
10:54:48,62.4,-0.02,305,1902958,卖盘
10:54:51,62.39,-0.01,18,112304,卖盘
10:54:54,62.41,0.02,43,268331,买盘
10:54:57,62.4,-0.01,7,43684,卖盘
10:55:01,62.41,0.01,30,187208,买盘
10:55:05,62.4,-0.01,41,255860,卖盘
10:55:07,62.39,-0.01,144,898555,卖盘
10:55:10,62.39,0.0,41,255791,买盘
10:55:13,62.39,0.0,70,436686,买盘
10:55:16,62.4,0.01,31,193421,买盘
10:55:18,62.4,0.0,13,81113,买盘
10:55:22,62.43,0.03,321,2004149,买盘
10:55:24,62.43,0.0,32,199776,卖盘
10:55:28,62.43,0.0,83,517374,卖盘
10:55:30,62.37,-0.06,120,748586,卖盘
10:55:34,62.37,0.0,10,62363,买盘
10:55:36,62.37,0.0,171,1066310,买盘
10:55:40,62.37,0.0,41,255707,买盘
10:55:42,62.37,0.0,8,49896,买盘
10:55:46,62.38,0.01,29,180890,买盘
10:55:49,62.37,-0.01,24,149688,卖盘
10:55:52,62.37,0.0,45,280675,卖盘
10:55:54,62.37,0.0,12,74832,买盘
10:55:57,62.35,-0.02,30,187070,卖盘
10:56:00,62.35,0.0,97,604822,卖盘
10:56:04,62.35,0.0,30,187086,卖盘
10:56:07,62.37,0.02,81,504976,买盘
10:56:10,62.36,-0.01,17,105999,中性盘
10:56:13,62.35,-0.01,16,99746,中性盘
10:56:16,62.41,0.06,188,1171442,买盘
10:56:18,62.41,0.0,34,212194,卖盘
10:56:22,62.41,0.0,13,81133,卖盘
10:56:25,62.41,0.0,39,243404,卖盘
10:56:28,62.41,0.0,20,126193,卖盘
10:56:30,62.42,0.01,14,87374,买盘
10:56:33,62.38,-0.04,19,118565,卖盘
10:56:37,62.38,0.0,27,168523,卖盘
10:56:40,62.38,0.0,51,318180,卖盘
10:56:43,62.4,0.02,30,187170,买盘
10:56:45,62.4,0.0,23,143501,买盘
10:56:49,62.38,-0.02,15,93586,卖盘
10:56:51,62.4,0.02,35,218378,买盘
10:56:55,62.39,-0.01,17,106069,中性盘
10:56:57,62.4,0.01,29,180940,买盘
10:57:00,62.4,0.0,24,149743,买盘
10:57:04,62.39,-0.01,76,474239,卖盘
10:57:07,62.41,0.02,88,549092,买盘
10:57:10,62.39,-0.02,60,374333,买盘
10:57:13,62.38,-0.01,140,873664,卖盘
10:57:16,62.4,0.02,60,374372,买盘
10:57:18,62.41,0.01,8,49926,中性盘
10:57:22,62.41,0.0,14,87374,买盘
10:57:25,62.41,0.0,59,368213,卖盘
10:57:28,62.4,-0.01,90,561619,卖盘
10:57:31,62.42,0.02,38,237168,买盘
10:57:33,62.41,-0.01,27,167955,卖盘
10:57:37,62.42,0.01,241,1502747,买盘
10:57:40,62.43,0.01,11,68657,买盘
10:57:43,62.43,0.0,11,68666,买盘
10:57:45,62.43,0.0,23,143589,买盘
10:57:48,62.43,0.0,47,293370,买盘
10:57:52,62.43,0.0,98,612627,买盘
10:57:55,62.43,0.0,17,106131,卖盘
10:57:58,62.43,0.0,32,199776,卖盘
10:58:00,62.44,0.01,242,1511027,买盘
10:58:04,62.43,-0.01,23,143592,卖盘
10:58:07,62.42,-0.01,88,548590,卖盘
10:58:09,62.42,0.0,17,106114,买盘
10:58:12,62.41,-0.01,26,163634,卖盘
10:58:16,62.41,0.0,8,49928,买盘
10:58:19,62.41,0.0,66,411223,买盘
10:58:22,62.38,-0.03,65,405561,卖盘
10:58:24,62.38,0.0,26,162252,卖盘
10:58:28,62.41,0.03,38,237098,中性盘
10:58:31,62.37,-0.04,52,324382,卖盘
10:58:34,62.4,0.03,75,467786,买盘
10:58:36,62.37,-0.03,98,611307,卖盘
10:58:39,62.38,0.01,69,430317,买盘
10:58:43,62.38,0.0,23,143432,买盘
10:58:45,62.38,0.0,23,143467,买盘
10:58:49,62.38,0.0,39,243268,买盘
10:58:51,62.38,0.0,23,143474,买盘
10:58:54,62.37,-0.01,10,62379,卖盘
10:58:58,62.38,0.01,17,106049,卖盘
10:59:00,62.38,0.0,9,58023,卖盘
10:59:05,62.4,0.02,12,74880,买盘
10:59:07,62.4,0.0,74,461629,买盘
10:59:09,62.39,-0.01,10,62390,卖盘
10:59:12,62.4,0.01,50,311959,买盘
10:59:15,62.4,0.0,79,492921,买盘
10:59:19,62.4,0.0,11,68633,买盘
10:59:22,62.4,0.0,29,180960,卖盘
10:59:25,62.4,0.0,32,199686,卖盘
10:59:28,62.4,0.0,5,31200,卖盘
10:59:31,62.41,0.01,6,37446,买盘
10:59:34,62.41,0.0,32,199712,卖盘
10:59:37,62.41,0.0,77,480507,卖盘
10:59:39,62.46,0.05,330,2060703,买盘
10:59:43,62.41,-0.05,16,99868,卖盘
10:59:46,62.5,0.09,278,1736865,买盘
10:59:48,62.46,-0.04,3,18738,卖盘
10:59:52,62.46,0.0,19,118653,买盘
10:59:55,62.46,0.0,10,62460,买盘
10:59:57,62.46,0.0,20,124920,买盘
11:00:01,62.44,-0.02,54,337248,卖盘
11:00:04,62.43,-0.01,95,593251,卖盘
11:00:07,62.41,-0.02,138,861346,卖盘
11:00:09,62.4,-0.01,71,443053,卖盘
11:00:12,62.42,0.02,49,305808,买盘
11:00:15,62.42,0.0,67,418084,买盘
11:00:19,62.42,0.0,19,113526,买盘
11:00:21,62.41,-0.01,14,87377,卖盘
11:00:24,62.42,0.01,41,255909,买盘
11:00:27,62.42,0.0,28,174750,买盘
11:00:31,62.41,-0.01,20,124830,中性盘
11:00:33,62.4,-0.01,23,143532,卖盘
11:00:36,62.4,0.0,117,735137,卖盘
11:00:40,62.41,0.01,50,306941,买盘
11:00:42,62.39,-0.02,11,73687,买盘
11:00:46,62.41,0.02,4,24964,买盘
11:00:49,62.46,0.05,151,942714,买盘
11:00:52,62.41,-0.05,58,362039,中性盘
11:00:55,62.41,0.0,5,31203,中性盘
11:00:58,62.48,0.07,11,68676,买盘
11:01:00,62.47,-0.01,5,31220,中性盘
11:01:04,62.4,-0.07,33,205961,卖盘
11:01:06,62.4,0.0,70,436944,卖盘
11:01:09,62.48,0.08,7,43699,买盘
11:01:12,62.4,-0.08,81,505592,卖盘
11:01:15,62.42,0.02,14,87378,买盘
11:01:19,62.43,0.01,9,56199,卖盘
11:01:22,62.44,0.01,1,6244,买盘
11:01:25,62.44,0.0,30,187279,买盘
11:01:27,62.44,0.0,12,74928,买盘
11:01:31,62.44,0.0,11,68674,买盘
11:01:34,62.44,0.0,45,280919,买盘
11:01:37,62.42,-0.02,35,218473,卖盘
11:01:39,62.44,0.02,33,206010,买盘
11:01:42,62.46,0.02,22,137386,买盘
11:01:45,62.45,-0.01,27,168602,买盘
11:01:48,62.45,0.0,19,118651,卖盘
11:01:52,62.45,0.0,74,462127,买盘
11:01:54,62.51,0.06,685,4280291,买盘
11:01:57,62.5,-0.01,45,281250,卖盘
11:02:01,62.5,0.0,19,118758,卖盘
11:02:05,62.5,0.0,3,18753,卖盘
11:02:07,62.54,0.04,248,1550148,买盘
11:02:09,62.46,-0.08,10,62506,卖盘
11:02:13,62.55,0.09,29,181349,买盘
11:02:15,62.54,-0.01,20,125072,卖盘
11:02:18,62.54,0.0,10,62540,买盘
11:02:22,62.53,-0.01,11,68782,买盘
11:02:25,62.53,0.0,8,50024,买盘
11:02:28,62.53,0.0,265,1657449,买盘
11:02:31,62.53,0.0,21,131321,卖盘
11:02:33,62.53,0.0,14,87547,卖盘
11:02:36,62.55,0.02,130,812898,买盘
11:02:40,62.52,-0.03,160,1000332,卖盘
11:02:42,62.52,0.0,16,100025,买盘
11:02:45,62.52,0.0,32,200064,买盘
11:02:49,62.52,0.0,13,81276,买盘
11:02:51,62.52,0.0,20,125041,买盘
11:02:55,62.52,0.0,9,56268,卖盘
11:02:58,62.53,0.01,3,18759,买盘
11:03:00,62.53,0.0,22,137567,买盘
11:03:04,62.52,-0.01,30,187585,卖盘
11:03:07,62.54,0.02,33,206356,买盘
11:03:09,62.55,0.01,86,537875,买盘
11:03:13,62.54,-0.01,34,212619,卖盘
11:03:16,62.54,0.0,23,143854,卖盘
11:03:18,62.55,0.01,25,156367,买盘
11:03:21,62.55,0.0,14,87569,买盘
11:03:24,62.55,0.0,66,412820,买盘
11:03:27,62.55,0.0,46,287730,买盘
11:03:30,62.55,0.0,36,225188,卖盘
11:03:33,62.56,0.01,75,469202,买盘
11:03:36,62.56,0.0,55,344084,卖盘
11:03:40,62.57,0.01,16,100104,买盘
11:03:43,62.57,0.0,44,275284,买盘
11:03:45,62.57,0.0,33,206465,买盘
11:03:49,62.57,0.0,57,356621,买盘
11:03:51,62.57,0.0,19,118883,买盘
11:03:55,62.57,0.0,64,400421,买盘
11:03:58,62.57,0.0,22,137646,买盘
11:04:01,62.57,0.0,30,187697,买盘
11:04:04,62.58,0.01,17,106381,买盘
11:04:06,62.56,-0.02,38,237756,卖盘
11:04:09,62.57,0.01,10,62573,中性盘
11:04:12,62.57,0.0,8,50056,卖盘
11:04:15,62.57,0.0,15,93854,买盘
11:04:18,62.56,-0.01,21,131392,卖盘
11:04:22,62.57,0.01,39,244013,买盘
11:04:25,62.57,0.0,7,43800,买盘
11:04:27,62.57,0.0,31,193965,卖盘
11:04:30,62.57,0.0,25,156433,卖盘
11:04:33,62.57,0.0,13,81334,卖盘
11:04:36,62.56,-0.01,43,269055,卖盘
11:04:40,62.57,0.01,15,93855,买盘
11:04:43,62.57,0.0,5,31285,买盘
11:04:45,62.56,-0.01,47,294076,卖盘
11:04:49,62.57,0.01,20,125129,买盘
11:04:52,62.57,0.0,18,112612,买盘
11:04:54,62.57,0.0,65,406647,买盘
11:04:57,62.57,0.0,45,281509,买盘
11:05:01,62.56,-0.01,14,87584,卖盘
11:05:04,62.56,0.0,30,187678,买盘
11:05:07,62.56,0.0,47,293987,买盘
11:05:09,62.55,-0.01,62,387813,卖盘
11:05:13,62.55,0.0,165,1031702,卖盘
11:05:15,62.55,0.0,125,781542,买盘
11:05:18,62.53,-0.02,7,43749,中性盘
11:05:21,62.55,0.02,8,50035,买盘
11:05:25,62.47,-0.08,14,87461,卖盘
11:05:27,62.46,-0.01,89,555894,卖盘
11:05:30,62.54,0.08,184,1149574,买盘
11:05:33,62.46,-0.08,21,131152,卖盘
11:05:36,62.46,0.0,25,156150,买盘
11:05:40,62.45,-0.01,19,118736,卖盘
11:05:43,62.44,-0.01,36,224798,卖盘
11:05:45,62.44,0.0,54,337371,卖盘
11:05:48,62.43,-0.01,22,137384,卖盘
11:05:51,62.43,0.0,5,31218,中性盘
11:05:55,62.43,0.0,39,243532,卖盘
11:05:57,62.44,0.01,53,331021,中性盘
11:06:00,62.49,0.05,27,168562,买盘
11:06:04,62.47,-0.02,25,156133,中性盘
11:06:06,62.47,0.0,26,162372,买盘
11:06:09,62.49,0.02,9,56231,买盘
11:06:13,62.52,0.03,49,306289,买盘
11:06:16,62.52,0.0,3,18756,卖盘
11:06:18,62.52,0.0,5,31261,卖盘
11:06:22,62.52,0.0,1,6252,卖盘
11:06:24,62.53,0.01,9,56273,买盘
11:06:27,62.53,0.0,31,193848,买盘
11:06:30,62.55,0.02,75,469057,买盘
11:06:34,62.55,0.0,17,106317,买盘
11:06:36,62.53,-0.02,105,656765,卖盘
11:06:39,62.55,0.02,2,12510,买盘
11:06:43,62.53,-0.02,74,462728,卖盘
11:06:45,62.53,0.0,30,187578,买盘
11:06:49,62.53,0.0,16,100044,买盘
11:06:51,62.52,-0.01,23,143818,卖盘
11:06:54,62.52,0.0,17,106299,卖盘
11:06:57,62.53,0.01,50,312583,中性盘
11:07:00,62.52,-0.01,182,1138441,卖盘
11:07:04,62.52,0.0,22,137588,卖盘
11:07:10,62.53,0.01,30,187577,卖盘
11:07:13,62.52,-0.01,21,131307,卖盘
11:07:15,62.52,0.0,80,500159,买盘
11:07:19,62.53,0.01,88,550226,买盘
11:07:22,62.53,0.0,15,93773,买盘
11:07:25,62.55,0.02,102,637905,买盘
11:07:28,62.53,-0.02,3,18759,中性盘
11:07:31,62.5,-0.03,10,62510,卖盘
11:07:33,62.53,0.03,27,168809,买盘
11:07:36,62.51,-0.02,14,87516,中性盘
11:07:40,62.51,0.0,1,6251,卖盘
11:07:43,62.52,0.01,18,112547,卖盘
11:07:46,62.52,0.0,30,187570,卖盘
11:07:49,62.52,0.0,11,68773,中性盘
11:07:52,62.52,0.0,18,112536,卖盘
11:07:54,62.53,0.01,106,662796,买盘
11:07:58,62.53,0.0,33,206350,卖盘
11:08:01,62.53,0.0,29,181345,卖盘
11:08:04,62.53,0.0,13,81292,卖盘
11:08:07,62.53,0.0,69,431457,卖盘
11:08:09,62.53,0.0,45,281392,卖盘
11:08:12,62.53,0.0,8,50017,中性盘
11:08:16,62.53,0.0,112,700419,卖盘
11:08:19,62.53,0.0,7,43771,卖盘
11:08:21,62.53,0.0,36,225122,卖盘
11:08:24,62.54,0.01,32,200109,买盘
11:08:27,62.53,-0.01,20,125075,卖盘
11:08:30,62.53,0.0,9,56277,买盘
11:08:34,62.53,0.0,15,93795,买盘
11:08:37,62.53,0.0,10,62530,卖盘
11:08:40,62.53,0.0,11,68788,卖盘
11:08:43,62.53,0.0,3,18760,卖盘
11:08:45,62.54,0.01,28,175097,买盘
11:08:48,62.54,0.0,32,200126,买盘
11:08:51,62.53,-0.01,20,125086,卖盘
11:08:55,62.54,0.01,5,31271,卖盘
11:08:57,62.54,0.0,18,112573,卖盘
11:09:00,62.54,0.0,12,75056,卖盘
11:09:04,62.55,0.01,3,18763,买盘
11:09:07,62.54,-0.01,23,143848,卖盘
11:09:10,62.54,0.0,18,112582,卖盘
11:09:12,62.55,0.01,33,206362,买盘
11:09:15,62.55,0.0,35,218901,买盘
11:09:18,62.53,-0.02,5,31265,卖盘
11:09:21,62.54,0.01,13,81297,买盘
11:09:24,62.53,-0.01,20,125062,卖盘
11:09:28,62.53,0.0,33,206349,买盘
11:09:30,62.53,0.0,32,200096,买盘
11:09:33,62.53,0.0,6,37516,买盘
11:09:36,62.51,-0.02,176,1100190,卖盘
11:09:40,62.51,0.0,20,125011,买盘
11:09:42,62.51,0.0,5,31252,买盘
11:09:46,62.51,0.0,21,131271,买盘
11:09:48,62.51,0.0,1,6251,买盘
11:09:52,62.5,-0.01,66,412634,卖盘
11:09:55,62.5,0.0,3,18750,卖盘
11:09:58,62.53,0.03,6,37514,买盘
11:10:00,62.51,-0.02,37,231313,卖盘
11:10:04,62.51,0.0,34,212534,卖盘
11:10:07,62.52,0.01,25,156289,买盘
11:10:09,62.53,0.01,37,231323,买盘
11:10:12,62.52,-0.01,45,281340,中性盘
11:10:15,62.51,-0.01,36,225066,卖盘
11:10:19,62.53,0.02,109,681495,买盘
11:10:21,62.53,0.0,4,25013,卖盘
11:10:24,62.53,0.0,7,43771,卖盘
11:10:27,62.53,0.0,25,156325,卖盘
11:10:31,62.53,0.0,26,162584,卖盘
11:10:34,62.53,0.0,2,12505,买盘
11:10:40,62.53,0.0,1,6253,买盘
11:10:43,62.52,-0.01,6,37513,卖盘
11:10:46,62.53,0.01,21,131303,买盘
11:10:49,62.53,0.0,103,644058,买盘
11:10:52,62.53,0.0,54,337662,卖盘
11:10:54,62.52,-0.01,37,231360,卖盘
11:10:57,62.53,0.01,9,56276,中性盘
11:11:00,62.51,-0.02,43,268843,卖盘
11:11:05,62.53,0.02,6,37514,买盘
11:11:06,62.51,-0.02,19,118781,卖盘
11:11:09,62.52,0.01,16,100027,买盘
11:11:12,62.53,0.01,51,318892,买盘
11:11:15,62.53,0.0,19,118799,买盘
11:11:18,62.53,0.0,56,350168,买盘
11:11:21,62.53,0.0,1,6253,卖盘
11:11:24,62.53,0.0,11,68784,卖盘
11:11:28,62.53,0.0,65,406473,卖盘
11:11:30,62.54,0.01,13,81297,买盘
11:11:34,62.53,-0.01,3,18759,卖盘
11:11:37,62.53,0.0,19,118807,卖盘
11:11:40,62.52,-0.01,3,18756,卖盘
11:11:42,62.51,-0.01,18,112526,卖盘
11:11:46,62.51,0.0,63,393826,卖盘
11:11:49,62.52,0.01,42,262565,买盘
11:11:51,62.53,0.01,4,25010,买盘
11:11:54,62.52,-0.01,15,93780,卖盘
11:11:58,62.52,0.0,1,6252,卖盘
11:12:00,62.52,0.0,100,625283,卖盘
11:12:04,62.53,0.01,29,181313,买盘
11:12:07,62.52,-0.01,3,18756,卖盘
11:12:09,62.53,0.01,47,293861,买盘
11:12:13,62.52,-0.01,51,318893,卖盘
11:12:16,62.53,0.01,22,137566,买盘
11:12:19,62.54,0.01,264,1651106,买盘
11:12:21,62.55,0.01,281,1756388,买盘
11:12:25,62.54,-0.01,118,738195,卖盘
11:12:27,62.54,0.0,77,481650,卖盘
11:12:30,62.58,0.04,28,175168,买盘
11:12:33,62.56,-0.02,8,50060,卖盘
11:12:37,62.54,-0.02,221,1382730,卖盘
11:12:39,62.58,0.04,115,719652,买盘
11:12:43,62.56,-0.02,6,37530,中性盘
11:12:46,62.6,0.04,511,3198691,买盘
11:12:49,62.6,0.0,86,538386,卖盘
11:12:52,62.6,0.0,21,131468,卖盘
11:12:54,62.61,0.01,31,194088,买盘
11:13:01,62.6,-0.01,149,932930,卖盘
11:13:05,62.62,0.02,30,187829,中性盘
11:13:07,62.6,-0.02,65,406928,卖盘
11:13:10,62.63,0.03,14,87669,买盘
11:13:13,62.62,-0.01,13,81407,卖盘
11:13:15,62.64,0.02,165,1033494,买盘
11:13:18,62.63,-0.01,45,281817,卖盘
11:13:22,62.63,0.0,6,37578,卖盘
11:13:25,62.62,-0.01,24,150308,卖盘
11:13:28,62.65,0.03,108,676483,买盘
11:13:31,62.62,-0.03,147,920730,卖盘
11:13:33,62.62,0.0,28,175323,卖盘
11:13:37,62.63,0.01,67,419540,买盘
11:13:39,62.64,0.01,6,37579,买盘
11:13:43,62.63,-0.01,32,200429,卖盘
11:13:45,62.63,0.0,52,325717,卖盘
11:13:49,62.64,0.01,103,645089,买盘
11:13:51,62.64,0.0,80,501113,买盘
11:13:54,62.64,0.0,8,50112,卖盘
11:13:58,62.64,0.0,22,137808,卖盘
11:14:01,62.64,0.0,67,419695,卖盘
11:14:04,62.64,0.0,1,6264,买盘
11:14:07,62.64,0.0,32,200447,买盘
11:14:09,62.63,-0.01,250,1565325,卖盘
11:14:13,62.63,0.0,76,475987,买盘
11:14:16,62.62,-0.01,28,175312,卖盘
11:14:18,62.62,0.0,3,18786,买盘
11:14:21,62.62,0.0,6,37572,买盘
11:14:25,62.6,-0.02,9,56349,卖盘
11:14:28,62.61,0.01,41,256685,买盘
11:14:31,62.6,-0.01,28,175279,卖盘
11:14:33,62.6,0.0,5,31300,买盘
11:14:37,62.58,-0.02,44,275402,卖盘
11:14:39,62.6,0.02,2,12520,买盘
11:14:42,62.59,-0.01,2,12518,卖盘
11:14:45,62.6,0.01,44,275416,买盘
11:14:49,62.6,0.0,42,262886,买盘
11:14:51,62.6,0.0,22,137695,买盘
11:14:54,62.6,0.0,24,150229,买盘
11:14:58,62.58,-0.02,64,400513,卖盘
11:15:00,62.57,-0.01,30,187718,卖盘
11:15:04,62.57,0.0,4,25025,买盘
11:15:07,62.57,0.0,2,12514,买盘
11:15:10,62.56,-0.01,4,25026,卖盘
11:15:13,62.56,0.0,13,81329,卖盘
11:15:15,62.56,0.0,23,143901,卖盘
11:15:19,62.57,0.01,244,1526813,买盘
11:15:21,62.57,0.0,14,87601,卖盘
11:15:24,62.56,-0.01,126,788391,卖盘
11:15:28,62.57,0.01,2,12514,买盘
11:15:31,62.56,-0.01,15,93850,卖盘
11:15:33,62.56,0.0,11,68811,卖盘
11:15:39,62.56,0.0,1,6256,买盘
11:15:45,62.55,-0.01,19,118858,卖盘
11:15:49,62.56,0.01,8,50048,买盘
11:15:51,62.55,-0.01,6,37531,卖盘
11:15:54,62.56,0.01,43,269008,买盘
11:15:57,62.56,0.0,2,12512,卖盘
11:16:01,62.57,0.01,314,1963988,买盘
11:16:05,62.54,-0.03,8,50042,卖盘
11:16:06,62.53,-0.01,11,68784,卖盘
11:16:09,62.54,0.01,12,75048,买盘
11:16:13,62.54,0.0,2,12507,买盘
11:16:16,62.54,0.0,26,162601,买盘
11:16:18,62.54,0.0,223,1394436,买盘
11:16:21,62.54,0.0,48,300196,卖盘
11:16:24,62.55,0.01,5,31274,中性盘
11:16:27,62.54,-0.01,15,93829,卖盘
11:16:34,62.56,0.02,18,112603,买盘
11:16:37,62.55,-0.01,15,93826,卖盘
11:16:40,62.56,0.01,22,137611,买盘
11:16:43,62.55,-0.01,14,87574,卖盘
11:16:45,62.55,0.0,65,406618,卖盘
11:16:49,62.55,0.0,26,162648,卖盘
11:16:51,62.57,0.02,3,18770,买盘
11:16:54,62.56,-0.01,20,125127,卖盘
11:16:57,62.56,0.0,23,143885,卖盘
11:17:00,62.57,0.01,43,268998,买盘
11:17:04,62.56,-0.01,16,100099,卖盘
11:17:06,62.56,0.0,12,75072,买盘
11:17:10,62.55,-0.01,30,187672,卖盘
11:17:13,62.55,0.0,30,187668,卖盘
11:17:16,62.56,0.01,20,125118,买盘
11:17:19,62.55,-0.01,211,1319432,卖盘
11:17:21,62.55,0.0,100,625203,买盘
11:17:25,62.55,0.0,10,62550,买盘
11:17:27,62.55,0.0,10,62550,买盘
11:17:30,62.55,0.0,73,456424,卖盘
11:17:34,62.55,0.0,13,81315,卖盘
11:17:36,62.53,-0.02,19,118832,卖盘
11:17:39,62.55,0.02,6,37530,买盘
11:17:43,62.55,0.0,1,6255,买盘
11:17:46,62.54,-0.01,21,131326,中性盘
11:17:48,62.53,-0.01,5,31264,买盘
11:17:51,62.53,0.0,2,12505,买盘
11:17:55,62.51,-0.02,9,56274,卖盘
11:17:58,62.53,0.02,326,2037633,买盘
11:18:01,62.49,-0.04,15,93745,卖盘
11:18:04,62.51,0.02,6,37508,卖盘
11:18:06,62.52,0.01,6,37510,买盘
11:18:09,62.51,-0.01,5,31255,卖盘
11:18:12,62.51,0.0,1,6251,买盘
11:18:16,62.51,0.0,27,168777,买盘
11:18:18,62.51,0.0,40,250036,买盘
11:18:22,62.51,0.0,29,181272,买盘
11:18:24,62.51,0.0,20,125019,买盘
11:18:27,62.5,-0.01,24,150003,卖盘
11:18:31,62.5,0.0,39,243745,买盘
11:18:33,62.51,0.01,56,349989,买盘
11:18:36,62.5,-0.01,4,25001,卖盘
11:18:40,62.5,0.0,3,18750,卖盘
11:18:43,62.51,0.01,68,425009,买盘
11:18:45,62.51,0.0,24,150032,买盘
11:18:49,62.51,0.0,106,662577,卖盘
11:18:52,62.51,0.0,46,287602,卖盘
11:18:54,62.52,0.01,19,118795,买盘
11:18:58,62.53,0.01,23,143790,买盘
11:19:01,62.53,0.0,22,137564,买盘
11:19:04,62.53,0.0,13,81289,卖盘
11:19:06,62.55,0.02,37,231410,买盘
11:19:09,62.54,-0.01,37,231411,卖盘
11:19:12,62.55,0.01,49,306437,买盘
11:19:15,62.55,0.0,9,56287,买盘
11:19:18,62.55,0.0,9,56294,买盘
11:19:21,62.55,0.0,10,62551,买盘
11:19:24,62.55,0.0,31,193912,卖盘
11:19:27,62.55,0.0,25,156399,卖盘
11:19:31,62.56,0.01,16,100094,买盘
11:19:33,62.55,-0.01,7,43786,卖盘
11:19:36,62.56,0.01,29,181410,买盘
11:19:40,62.56,0.0,45,281516,买盘
11:19:42,62.56,0.0,32,200192,卖盘
11:19:46,62.57,0.01,28,175179,买盘
11:19:48,62.56,-0.01,15,93845,卖盘
11:19:52,62.56,0.0,12,75078,卖盘
11:19:55,62.56,0.0,16,100110,卖盘
11:19:58,62.57,0.01,6,37541,买盘
11:20:00,62.57,0.0,135,844501,买盘
11:20:04,62.58,0.01,82,513133,买盘
11:20:06,62.55,-0.03,131,819654,卖盘
11:20:10,62.53,-0.02,11,68793,卖盘
11:20:12,62.53,0.0,11,68783,卖盘
11:20:16,62.53,0.0,36,225084,卖盘
11:20:19,62.51,-0.02,20,125045,卖盘
11:20:22,62.51,0.0,60,375074,卖盘
11:20:24,62.53,0.02,15,93792,买盘
11:20:28,62.51,-0.02,76,475067,卖盘
11:20:30,62.5,-0.01,129,806364,卖盘
11:20:34,62.5,0.0,23,143751,卖盘
11:20:36,62.5,0.0,39,243771,卖盘
11:20:40,62.5,0.0,104,649977,卖盘
11:20:42,62.49,-0.01,25,156269,卖盘
11:20:46,62.51,0.02,8,50001,买盘
11:20:48,62.5,-0.01,10,62499,卖盘
11:20:52,62.5,0.0,33,206242,中性盘
11:20:54,62.5,0.0,39,243756,卖盘
11:20:58,62.47,-0.03,111,693753,卖盘
11:21:00,62.51,0.04,104,650105,买盘
11:21:04,62.53,0.02,15,93781,买盘
11:21:07,62.52,-0.01,13,81270,中性盘
11:21:10,62.52,0.0,21,131293,卖盘
11:21:13,62.53,0.01,16,100043,买盘
11:21:16,62.56,0.03,115,719320,买盘
11:21:18,62.55,-0.01,13,81315,卖盘
11:21:22,62.56,0.01,6,37532,买盘
11:21:25,62.56,0.0,11,68818,中性盘
11:21:28,62.57,0.01,20,125126,买盘
11:21:31,62.56,-0.01,14,87591,中性盘
11:21:34,62.55,-0.01,9,56299,卖盘
11:21:36,62.58,0.03,133,832281,买盘
11:21:40,62.58,0.0,15,93870,卖盘
11:21:43,62.58,0.0,15,93884,卖盘
11:21:46,62.59,0.01,54,337966,买盘
11:21:49,62.59,0.0,87,544469,买盘
11:21:52,62.58,-0.01,57,356729,买盘
11:21:54,62.59,0.01,20,125187,卖盘
11:21:58,62.59,0.0,12,75117,卖盘
11:22:00,62.6,0.01,33,206580,买盘
11:22:04,62.6,0.0,32,200317,买盘
11:22:07,62.59,-0.01,35,219085,卖盘
11:22:10,62.59,0.0,13,81368,卖盘
11:22:12,62.6,0.01,49,306739,买盘
11:22:16,62.6,0.0,47,294219,买盘
11:22:18,62.6,0.0,44,275449,卖盘
11:22:21,62.61,0.01,24,150246,买盘
11:22:24,62.61,0.0,17,106436,买盘
11:22:27,62.61,0.0,52,325544,买盘
11:22:31,62.6,-0.01,42,262928,卖盘
11:22:33,62.61,0.01,65,406914,买盘
11:22:37,62.61,0.0,70,438245,买盘
11:22:39,62.61,0.0,19,115513,买盘
11:22:43,62.59,-0.02,170,1067476,卖盘
11:22:46,62.61,0.02,149,929270,买盘
11:22:48,62.59,-0.02,295,1850371,卖盘
11:22:52,62.6,0.01,42,262943,买盘
11:22:55,62.61,0.01,35,219106,买盘
11:22:57,62.56,-0.05,70,437993,卖盘
11:23:01,62.56,0.0,17,106371,卖盘
11:23:04,62.6,0.04,36,225350,买盘
11:23:07,62.6,0.0,93,582180,卖盘
11:23:09,62.58,-0.02,10,62594,卖盘
11:23:13,62.63,0.05,907,5679047,买盘
11:23:15,62.61,-0.02,70,438213,买盘
11:23:19,62.61,0.0,34,212874,卖盘
11:23:21,62.63,0.02,85,532156,买盘
11:23:25,62.62,-0.01,13,81412,中性盘
11:23:27,62.61,-0.01,52,325532,卖盘
11:23:31,62.63,0.02,139,870508,买盘
11:23:33,62.63,0.0,127,795339,买盘
11:23:37,62.62,-0.01,13,81414,卖盘
11:23:40,62.62,0.0,59,369458,卖盘
11:23:42,62.6,-0.02,72,450748,卖盘
11:23:45,62.6,0.0,27,169023,卖盘
11:23:49,62.6,0.0,9,56339,买盘
11:23:52,62.62,0.02,44,275505,买盘
11:23:54,62.61,-0.01,70,438331,买盘
11:23:57,62.61,0.0,9,56342,买盘
11:24:01,62.6,-0.01,23,143992,卖盘
11:24:04,62.6,0.0,4,25040,卖盘
11:24:07,62.61,0.01,125,782533,买盘
11:24:09,62.6,-0.01,25,156507,卖盘
11:24:13,62.6,0.0,3,18780,买盘
11:24:15,62.6,0.0,5,31299,买盘
11:24:19,62.6,0.0,15,93902,卖盘
11:24:21,62.6,0.0,12,75120,买盘
11:24:25,62.6,0.0,9,56345,卖盘
11:24:27,62.6,0.0,19,118937,买盘
11:24:31,62.6,0.0,30,187809,卖盘
11:24:33,62.6,0.0,43,269182,卖盘
11:24:37,62.6,0.0,28,175282,卖盘
11:24:39,62.6,0.0,42,262920,卖盘
11:24:42,62.61,0.01,6,37566,买盘
11:24:45,62.6,-0.01,12,75129,卖盘
11:24:48,62.61,0.01,2,12521,买盘
11:24:51,62.6,-0.01,31,194068,卖盘
11:24:54,62.6,0.0,22,137729,卖盘
11:24:57,62.6,0.0,176,1101979,卖盘
11:25:00,62.61,0.01,34,212852,买盘
11:25:05,62.6,-0.01,13,81385,卖盘
11:25:07,62.6,0.0,18,112680,卖盘
11:25:10,62.6,0.0,3,18780,买盘
11:25:12,62.59,-0.01,11,68849,卖盘
11:25:16,62.6,0.01,14,87640,买盘
11:25:18,62.6,0.0,63,394379,买盘
11:25:22,62.6,0.0,35,219100,卖盘
11:25:24,62.6,0.0,28,175281,卖盘
11:25:27,62.6,0.0,21,131460,卖盘
11:25:31,62.6,0.0,52,325497,买盘
11:25:33,62.59,-0.01,61,381852,卖盘
11:25:36,62.59,0.0,7,43819,卖盘
11:25:40,62.6,0.01,21,131441,买盘
11:25:42,62.6,0.0,3,18780,买盘
11:25:46,62.6,0.0,11,68857,买盘
11:25:49,62.6,0.0,5,31300,买盘
11:25:51,62.6,0.0,63,394376,买盘
11:25:55,62.6,0.0,85,532048,买盘
11:25:58,62.59,-0.01,112,701105,卖盘
11:26:01,62.59,0.0,17,106403,买盘
11:26:04,62.58,-0.01,1,6258,卖盘
11:26:07,62.59,0.01,7,43808,买盘
11:26:10,62.58,-0.01,11,68840,卖盘
11:26:12,62.59,0.01,17,106403,买盘
11:26:15,62.57,-0.02,240,1501919,卖盘
11:26:18,62.57,0.0,25,156430,卖盘
11:26:21,62.57,0.0,13,81348,卖盘
11:26:24,62.58,0.01,7,43805,买盘
11:26:28,62.58,0.0,3,18774,买盘
11:26:31,62.59,0.01,4,25036,买盘
11:26:34,62.59,0.0,50,312944,买盘
11:26:36,62.58,-0.01,11,68838,卖盘
11:26:42,62.59,0.01,6,37553,买盘
11:26:46,62.58,-0.01,13,81362,卖盘
11:26:48,62.59,0.01,15,93872,买盘
11:26:52,62.58,-0.01,14,87613,卖盘
11:26:54,62.59,0.01,109,682300,买盘
11:26:57,62.59,0.0,9,56331,卖盘
11:27:01,62.59,0.0,28,175260,卖盘
11:27:04,62.6,0.01,40,250361,买盘
11:27:06,62.6,0.0,306,1915144,买盘
11:27:10,62.59,-0.01,35,219042,中性盘
11:27:15,62.59,0.0,89,556983,买盘
11:27:19,62.59,0.0,144,901252,买盘
11:27:22,62.57,-0.02,25,156425,卖盘
11:27:24,62.58,0.01,33,206523,买盘
11:27:30,62.58,0.0,177,1107471,买盘
11:27:33,62.55,-0.03,225,1407425,卖盘
11:27:36,62.55,0.0,164,1025834,卖盘
11:27:39,62.58,0.03,70,437953,买盘
11:27:42,62.56,-0.02,168,1051474,卖盘
11:27:46,62.55,-0.01,93,581927,卖盘
11:27:49,62.55,0.0,73,456644,卖盘
11:27:52,62.55,0.0,36,225183,卖盘
11:27:57,62.57,0.02,6,37538,买盘
11:28:00,62.57,0.0,69,431706,卖盘
11:28:04,62.56,-0.01,52,325396,卖盘
11:28:07,62.56,0.0,45,281496,卖盘
11:28:10,62.56,0.0,29,181455,中性盘
11:28:13,62.62,0.06,503,3148837,买盘
11:28:16,62.55,-0.07,21,131381,卖盘
11:28:19,62.57,0.02,2,12514,卖盘
11:28:22,62.58,0.01,7,43810,中性盘
11:28:25,62.57,-0.01,30,187756,卖盘
11:28:28,62.6,0.03,10,62600,买盘
11:28:31,62.6,0.0,12,75109,卖盘
11:28:34,62.58,-0.02,1,6258,卖盘
11:28:36,62.6,0.02,3,18780,买盘
11:28:39,62.6,0.0,16,100160,买盘
11:28:43,62.6,0.0,38,237821,卖盘
11:28:46,62.59,-0.01,8,50073,卖盘
11:28:49,62.58,-0.01,1,6258,卖盘
11:28:51,62.6,0.02,41,256657,买盘
11:28:55,62.58,-0.02,10,62590,卖盘
11:28:57,62.61,0.03,19,118947,买盘
11:29:04,62.6,-0.01,17,108464,中性盘
11:29:07,62.6,0.0,5,31299,买盘
11:29:09,62.6,0.0,30,187800,买盘
11:29:13,62.61,0.01,9,56349,买盘
11:29:16,62.6,-0.01,45,281700,卖盘
11:29:18,62.62,0.02,179,1120754,买盘
11:29:21,62.61,-0.01,73,457049,卖盘
11:29:25,62.6,-0.01,139,866918,卖盘
11:29:28,62.63,0.03,150,939407,买盘
11:29:31,62.63,0.0,239,1496339,卖盘
11:29:33,62.63,0.0,131,820564,卖盘
11:29:36,62.64,0.01,87,544968,买盘
11:29:39,62.63,-0.01,37,231733,卖盘
11:29:42,62.64,0.01,39,243040,买盘
11:29:45,62.64,0.0,17,107741,卖盘
11:29:48,62.64,0.0,23,144066,买盘
11:29:51,62.64,0.0,16,100232,中性盘
11:29:54,62.64,0.0,239,1497103,买盘
11:29:57,62.63,-0.01,159,999241,卖盘
11:30:00,62.63,0.0,22,137777,买盘
13:00:00,62.63,0.0,145,907964,买盘
13:00:04,62.64,0.01,710,4446410,买盘
13:00:07,62.65,0.01,285,1784223,买盘
13:00:10,62.65,0.0,64,400977,卖盘
13:00:13,62.65,0.0,109,682894,卖盘
13:00:15,62.66,0.01,233,1459967,买盘
13:00:18,62.66,0.0,42,263176,卖盘
13:00:21,62.66,0.0,164,1027794,卖盘
13:00:25,62.68,0.02,54,338459,买盘
13:00:27,62.67,-0.01,120,752143,卖盘
13:00:31,62.68,0.01,80,501425,买盘
13:00:34,62.69,0.01,41,256991,买盘
13:00:36,62.69,0.0,14,87741,买盘
13:00:39,62.69,0.0,39,244481,买盘
13:00:42,62.69,0.0,58,363596,买盘
13:00:45,62.7,0.01,50,313460,买盘
13:00:48,62.7,0.0,20,125382,买盘
13:00:52,62.69,-0.01,8,50154,卖盘
13:00:54,62.69,0.0,60,376198,卖盘
13:00:58,62.7,0.01,130,815092,买盘
13:01:01,62.69,-0.01,125,783721,卖盘
13:01:04,62.7,0.01,221,1385644,买盘
13:01:07,62.7,0.0,680,4263580,买盘
13:01:09,62.7,0.0,987,6188452,买盘
13:01:13,62.69,-0.01,211,1322900,卖盘
13:01:16,62.69,0.0,65,407480,买盘
13:01:19,62.7,0.01,91,570506,买盘
13:01:22,62.69,-0.01,31,194349,卖盘
13:01:25,62.69,0.0,61,382455,卖盘
13:01:27,62.7,0.01,195,1222610,买盘
13:01:30,62.7,0.0,107,670866,买盘
13:01:34,62.7,0.0,65,407495,买盘
13:01:36,62.69,-0.01,79,495285,卖盘
13:01:39,62.69,0.0,75,470236,卖盘
13:01:43,62.7,0.01,68,426355,买盘
13:01:45,62.7,0.0,73,457710,买盘
13:01:49,62.7,0.0,76,476510,买盘
13:01:51,62.69,-0.01,45,282135,卖盘
13:01:55,62.7,0.01,48,300947,买盘
13:01:57,62.7,0.0,134,840180,买盘
13:02:01,62.69,-0.01,57,357338,卖盘
13:02:04,62.7,0.01,88,551760,买盘
13:02:06,62.7,0.0,28,175544,买盘
13:02:09,62.7,0.0,61,382450,买盘
13:02:12,62.69,-0.01,43,269577,卖盘
13:02:15,62.7,0.01,98,614443,买盘
13:02:19,62.7,0.0,126,789918,买盘
13:02:22,62.7,0.0,127,796260,买盘
13:02:25,62.69,-0.01,41,257022,卖盘
13:02:28,62.69,0.0,91,570405,买盘
13:02:31,62.68,-0.01,18,112835,中性盘
13:02:33,62.69,0.01,224,1403972,买盘
13:02:37,62.67,-0.02,83,520036,买盘
13:02:39,62.65,-0.02,67,419785,卖盘
13:02:43,62.65,0.0,28,175440,卖盘
13:02:45,62.67,0.02,51,319530,买盘
13:02:49,62.67,0.0,27,169208,买盘
13:02:51,62.67,0.0,23,144141,卖盘
13:02:55,62.66,-0.01,7,43866,卖盘
13:02:58,62.66,0.0,14,87737,卖盘
13:03:00,62.67,0.01,22,137873,买盘
13:03:05,62.66,-0.01,104,651626,卖盘
13:03:07,62.64,-0.02,34,213036,卖盘
13:03:10,62.66,0.02,97,607814,买盘
13:03:13,62.68,0.02,96,601687,买盘
13:03:15,62.68,0.0,22,137896,卖盘
13:03:19,62.68,0.0,24,150447,卖盘
13:03:22,62.69,0.01,80,501484,买盘
13:03:24,62.67,-0.02,8,50140,卖盘
13:03:27,62.67,0.0,20,125357,卖盘
13:03:30,62.68,0.01,52,325923,买盘
13:03:33,62.68,0.0,35,219369,买盘
13:03:37,62.68,0.0,14,87752,买盘
13:03:39,62.68,0.0,43,269494,买盘
13:03:43,62.68,0.0,27,169225,买盘
13:03:45,62.68,0.0,119,745874,买盘
13:03:49,62.67,-0.01,45,282047,卖盘
13:03:52,62.67,0.0,28,175494,卖盘
13:03:55,62.67,0.0,28,175478,卖盘
13:04:01,62.66,-0.01,32,200530,卖盘
13:04:04,62.67,0.01,24,150396,买盘
13:04:07,62.66,-0.01,16,100263,卖盘
13:04:10,62.67,0.01,88,551524,买盘
13:04:12,62.68,0.01,32,200560,买盘
13:04:15,62.67,-0.01,17,106542,卖盘
13:04:18,62.68,0.01,25,156692,买盘
13:04:21,62.67,-0.01,68,426173,卖盘
13:04:24,62.67,0.0,49,307075,买盘
13:04:28,62.67,0.0,1003,6287901,买盘
13:04:30,62.67,0.0,54,338447,卖盘
13:04:33,62.67,0.0,16,100257,买盘
13:04:36,62.67,0.0,4,25068,买盘
13:04:39,62.66,-0.01,41,256943,卖盘
13:04:42,62.66,0.0,6,37601,卖盘
13:04:46,62.66,0.0,44,275726,卖盘
13:04:48,62.66,0.0,10,62665,卖盘
13:04:52,62.69,0.03,32,200558,买盘
13:04:54,62.66,-0.03,14,87735,卖盘
13:04:57,62.69,0.03,10,62670,买盘
13:05:00,62.67,-0.02,20,125378,卖盘
13:05:04,62.67,0.0,29,181767,卖盘
13:05:06,62.69,0.02,55,344776,买盘
13:05:10,62.69,0.0,29,181798,买盘
13:05:12,62.67,-0.02,23,144166,卖盘
13:05:16,62.69,0.02,2,12536,买盘
13:05:18,62.66,-0.03,32,200535,卖盘
13:05:22,62.69,0.03,19,119109,买盘
13:05:25,62.67,-0.02,44,275796,买盘
13:05:27,62.67,0.0,64,401048,买盘
13:05:31,62.68,0.01,73,457516,买盘
13:05:33,62.67,-0.01,6,37603,卖盘
13:05:37,62.67,0.0,3,18801,卖盘
13:05:40,62.68,0.01,44,275786,买盘
13:05:42,62.68,0.0,13,81482,买盘
13:05:45,62.67,-0.01,45,282020,卖盘
13:05:49,62.67,0.0,243,1522892,卖盘
13:05:51,62.65,-0.02,80,501299,卖盘
13:05:55,62.66,0.01,40,250624,买盘
13:05:57,62.65,-0.01,31,194254,卖盘
13:06:00,62.66,0.01,84,526383,买盘
13:06:05,62.67,0.01,32,200527,买盘
13:06:07,62.66,-0.01,29,181730,卖盘
13:06:10,62.65,-0.01,569,3564829,卖盘
13:06:13,62.65,0.0,70,438528,买盘
13:06:16,62.65,0.0,128,801850,买盘
13:06:18,62.65,0.0,11,68904,买盘
13:06:22,62.65,0.0,120,751782,买盘
13:06:24,62.66,0.01,143,895911,买盘
13:06:27,62.65,-0.01,163,1021203,卖盘
13:06:31,62.62,-0.03,1236,7739698,卖盘
13:06:34,62.56,-0.06,1078,6748139,卖盘
13:06:36,62.54,-0.02,335,2092567,卖盘
13:06:40,62.45,-0.09,533,3330215,卖盘
13:06:43,62.5,0.05,22,137410,买盘
13:06:46,62.43,-0.07,55,343379,卖盘
13:06:48,62.41,-0.02,148,923781,卖盘
13:06:51,62.4,-0.01,73,455547,卖盘
13:06:54,62.39,-0.01,379,2364986,卖盘
13:06:57,62.41,0.02,67,418116,买盘
13:07:01,62.41,0.0,15,93623,卖盘
13:07:04,62.41,0.0,69,430631,卖盘
13:07:06,62.42,0.01,53,330778,买盘
13:07:10,62.48,0.06,136,848911,买盘
13:07:13,62.48,0.0,29,181137,买盘
13:07:16,62.48,0.0,15,93696,买盘
13:07:18,62.48,0.0,21,131185,买盘
13:07:21,62.48,0.0,21,131208,买盘
13:07:24,62.48,0.0,41,256149,买盘
13:07:28,62.49,0.01,12,74979,买盘
13:07:31,62.49,0.0,39,243729,中性盘
13:07:34,62.5,0.01,75,468740,买盘
13:07:37,62.5,0.0,16,100000,买盘
13:07:39,62.5,0.0,8,50003,卖盘
13:07:42,62.53,0.03,19,118777,买盘
13:07:46,62.51,-0.02,12,75026,卖盘
13:07:48,62.53,0.02,4,25012,买盘
13:07:51,62.53,0.0,14,87555,卖盘
13:07:55,62.53,0.0,24,150090,卖盘
13:07:57,62.55,0.02,28,175085,买盘
13:08:00,62.55,0.0,14,87576,买盘
13:08:05,62.55,0.0,11,68805,卖盘
13:08:07,62.55,0.0,4,25026,卖盘
13:08:10,62.58,0.03,3,18774,买盘
13:08:13,62.58,0.0,21,131443,卖盘
13:08:15,62.58,0.0,29,181505,卖盘
13:08:18,62.6,0.02,14,87622,买盘
13:08:21,62.59,-0.01,30,187795,卖盘
13:08:24,62.62,0.03,42,262942,买盘
13:08:27,62.6,-0.02,127,794970,卖盘
13:08:31,62.59,-0.01,37,231612,卖盘
13:08:34,62.61,0.02,7,43819,买盘
13:08:37,62.6,-0.01,6,37562,卖盘
13:08:40,62.61,0.01,19,118958,买盘
13:08:43,62.61,0.0,21,131468,买盘
13:08:45,62.61,0.0,45,281743,买盘
13:08:49,62.61,0.0,59,369384,卖盘
13:08:52,62.61,0.0,60,375664,买盘
13:08:55,62.62,0.01,17,106448,买盘
13:08:58,62.65,0.03,222,1390566,买盘
13:09:00,62.66,0.01,15,93978,买盘
13:09:04,62.65,-0.01,147,920955,卖盘
13:09:07,62.66,0.01,118,739396,买盘
13:09:10,62.67,0.01,19,119059,买盘
13:09:13,62.67,0.0,47,294540,买盘
13:09:16,62.67,0.0,19,119064,买盘
13:09:18,62.66,-0.01,45,282003,卖盘
13:09:22,62.66,0.0,32,200531,卖盘
13:09:25,62.66,0.0,81,507547,卖盘
13:09:28,62.66,0.0,54,338349,中性盘
13:09:31,62.63,-0.03,54,338322,卖盘
13:09:34,62.63,0.0,75,469644,卖盘
13:09:37,62.61,-0.02,21,131502,卖盘
13:09:39,62.62,0.01,125,782715,买盘
13:09:42,62.6,-0.02,53,331782,卖盘
13:09:45,62.62,0.02,42,262991,买盘
13:09:48,62.62,0.0,47,294314,卖盘
13:09:52,62.63,0.01,364,2279385,买盘
13:09:55,62.6,-0.03,168,1051526,卖盘
13:09:57,62.58,-0.02,59,369315,卖盘
13:10:01,62.61,0.03,142,888922,买盘
13:10:05,62.59,-0.02,38,237872,卖盘
13:10:07,62.58,-0.01,54,337859,卖盘
13:10:10,62.58,0.0,13,81348,买盘
13:10:13,62.57,-0.01,20,125162,卖盘
13:10:16,62.58,0.01,12,75094,买盘
13:10:19,62.58,0.0,26,162657,买盘
13:10:21,62.58,0.0,44,275321,买盘
13:10:24,62.58,0.0,51,319158,卖盘
13:10:27,62.55,-0.03,24,150170,卖盘
13:10:30,62.56,0.01,208,1300840,卖盘
13:10:33,62.58,0.02,167,1044832,买盘
13:10:36,62.58,0.0,149,932253,买盘
13:10:40,62.57,-0.01,24,150138,中性盘
13:10:43,62.58,0.01,100,625546,买盘
13:10:45,62.58,0.0,11,68838,卖盘
13:10:49,62.59,0.01,37,231552,买盘
13:10:51,62.59,0.0,27,168964,买盘
13:10:54,62.59,0.0,99,619570,卖盘
13:10:57,62.59,0.0,19,118921,卖盘
13:11:00,62.59,0.0,31,194044,卖盘
13:11:05,62.59,0.0,13,81365,卖盘
13:11:09,62.59,0.0,66,413099,买盘
13:11:13,62.57,-0.02,73,456888,卖盘
13:11:16,62.56,-0.01,18,112614,卖盘
13:11:19,62.55,-0.01,15,93825,卖盘
13:11:22,62.59,0.04,72,450588,买盘
13:11:24,62.55,-0.04,8,50059,卖盘
13:11:28,62.56,0.01,5,31281,卖盘
13:11:30,62.58,0.02,48,300279,买盘
13:11:34,62.55,-0.03,18,112612,卖盘
13:11:36,62.55,0.0,31,193937,卖盘
13:11:40,62.56,0.01,32,200162,买盘
13:11:43,62.56,0.0,27,168912,买盘
13:11:46,62.55,-0.01,48,300272,卖盘
13:11:49,62.55,0.0,85,533308,卖盘
13:11:52,62.55,0.0,85,530042,卖盘
13:11:55,62.55,0.0,35,218915,买盘
13:11:58,62.52,-0.03,152,950377,卖盘
13:12:00,62.53,0.01,34,212583,买盘
13:12:04,62.53,0.0,16,100039,买盘
13:12:06,62.52,-0.01,56,350116,卖盘
13:12:10,62.51,-0.01,66,412587,卖盘
13:12:12,62.52,0.01,73,456357,买盘
13:12:15,62.53,0.01,130,812769,买盘
13:12:19,62.52,-0.01,25,156293,买盘
13:12:22,62.52,0.0,48,300092,买盘
13:12:24,62.52,0.0,63,393823,买盘
13:12:28,62.51,-0.01,18,112535,卖盘
13:12:30,62.53,0.02,89,556407,买盘
13:12:34,62.53,0.0,70,437703,买盘
13:12:37,62.53,0.0,14,87542,卖盘
13:12:39,62.53,0.0,10,62524,中性盘
13:12:43,62.53,0.0,68,425257,卖盘
13:12:46,62.52,-0.01,67,418886,卖盘
13:12:49,62.54,0.02,133,831665,买盘
13:12:51,62.54,0.0,146,913087,卖盘
13:12:55,62.51,-0.03,141,881711,卖盘
13:12:58,62.53,0.02,21,131312,中性盘
13:13:01,62.53,0.0,99,618967,买盘
13:13:05,62.52,-0.01,17,106292,卖盘
13:13:07,62.53,0.01,61,381345,买盘
13:13:10,62.52,-0.01,9,56275,中性盘
13:13:13,62.52,0.0,143,893894,买盘
13:13:16,62.52,0.0,12,75012,买盘
13:13:19,62.52,0.0,27,168801,买盘
13:13:21,62.5,-0.02,40,250078,卖盘
13:13:24,62.52,0.02,18,112517,买盘
13:13:27,62.5,-0.02,46,287521,卖盘
13:13:30,62.5,0.0,393,2456231,卖盘
13:13:33,62.48,-0.02,109,681117,卖盘
13:13:37,62.48,0.0,75,468712,卖盘
13:13:39,62.49,0.01,94,587331,买盘
13:13:43,62.49,0.0,48,299926,买盘
13:13:45,62.5,0.01,131,822376,买盘
13:13:49,62.5,0.0,31,193752,卖盘
13:13:51,62.51,0.01,28,175005,买盘
13:13:54,62.5,-0.01,18,112500,卖盘
13:13:58,62.51,0.01,45,281297,买盘
13:14:01,62.51,0.0,10,62510,买盘
13:14:05,62.5,-0.01,11,68758,卖盘
13:14:07,62.51,0.01,5,31255,买盘
13:14:10,62.5,-0.01,18,112506,卖盘
13:14:13,62.5,0.0,28,175008,卖盘
13:14:16,62.5,0.0,19,118756,卖盘
13:14:18,62.51,0.01,28,175022,买盘
13:14:22,62.51,0.0,56,350043,买盘
13:14:25,62.5,-0.01,45,281278,卖盘
13:14:27,62.5,0.0,44,274976,买盘
13:14:30,62.5,0.0,28,174996,买盘
13:14:33,62.5,0.0,67,418757,卖盘
13:14:37,62.5,0.0,10,62511,卖盘
13:14:39,62.5,0.0,9,56251,卖盘
13:14:43,62.53,0.03,19,118808,买盘
13:14:45,62.51,-0.02,13,81263,卖盘
13:14:48,62.5,-0.01,133,831348,卖盘
13:14:51,62.54,0.04,34,212567,买盘
13:14:54,62.54,0.0,5,31265,买盘
13:14:57,62.52,-0.02,36,222509,卖盘
13:15:00,62.52,0.0,44,277666,卖盘
13:15:04,62.52,0.0,31,193822,买盘
13:15:06,62.53,0.01,77,481471,中性盘
13:15:10,62.52,-0.01,56,350114,卖盘
13:15:13,62.52,0.0,40,250116,卖盘
13:15:16,62.52,0.0,60,375155,卖盘
13:15:19,62.53,0.01,35,218832,买盘
13:15:21,62.52,-0.01,177,1106663,卖盘
13:15:25,62.52,0.0,59,368885,买盘
13:15:27,62.52,0.0,67,418842,买盘
13:15:31,62.52,0.0,69,431349,买盘
13:15:33,62.51,-0.01,39,243759,中性盘
13:15:37,62.5,-0.01,164,1025004,卖盘
13:15:39,62.48,-0.02,78,487466,卖盘
13:15:43,62.51,0.03,17,106267,买盘
13:15:45,62.51,0.0,33,206264,买盘
13:15:48,62.51,0.0,6,37501,买盘
13:15:51,62.5,-0.01,78,487521,卖盘
13:15:55,62.52,0.02,41,256290,买盘
13:15:58,62.51,-0.01,81,506331,卖盘
13:16:00,62.52,0.01,22,137541,买盘
13:16:05,62.51,-0.01,109,681364,卖盘
13:16:06,62.5,-0.01,22,137513,卖盘
13:16:10,62.51,0.01,67,418756,买盘
13:16:12,62.51,0.0,184,1150078,买盘
13:16:15,62.51,0.0,36,225015,买盘
13:16:18,62.51,0.0,14,87509,买盘
13:16:21,62.5,-0.01,64,400000,卖盘
13:16:25,62.5,0.0,34,212497,买盘
13:16:28,62.5,0.0,73,456240,买盘
13:16:31,62.5,0.0,209,1306137,买盘
13:16:33,62.5,0.0,105,656219,买盘
13:16:37,62.49,-0.01,23,143734,卖盘
13:16:39,62.48,-0.01,31,193705,卖盘
13:16:42,62.51,0.03,49,306236,买盘
13:16:46,62.49,-0.02,27,168747,卖盘
13:16:48,62.5,0.01,3,18750,买盘
13:16:51,62.51,0.01,26,162507,买盘
13:16:55,62.51,0.0,22,137519,买盘
13:16:57,62.5,-0.01,12,75000,卖盘
13:17:01,62.5,0.0,259,1618990,卖盘
13:17:04,62.51,0.01,56,350023,买盘
13:17:07,62.51,0.0,30,187510,买盘
13:17:10,62.5,-0.01,154,962588,卖盘
13:17:13,62.51,0.01,36,225027,买盘
13:17:16,62.51,0.0,6,37504,买盘
13:17:18,62.5,-0.01,106,662507,卖盘
13:17:22,62.51,0.01,87,543837,买盘
13:17:25,62.51,0.0,11,68761,卖盘
13:17:28,62.54,0.03,108,675298,买盘
13:17:30,62.52,-0.02,14,87528,卖盘
13:17:33,62.54,0.02,48,300159,买盘
13:17:37,62.53,-0.01,42,262644,卖盘
13:17:40,62.53,0.0,8,50030,卖盘
13:17:42,62.54,0.01,36,225126,买盘
13:17:45,62.54,0.0,124,775494,买盘
13:17:48,62.54,0.0,116,725388,买盘
13:17:51,62.54,0.0,20,125079,买盘
13:17:54,62.53,-0.01,41,256389,中性盘
13:17:57,62.55,0.02,87,541543,买盘
13:18:01,62.54,-0.01,142,888196,卖盘
13:18:04,62.55,0.01,121,756870,买盘
13:18:06,62.56,0.01,68,425413,买盘
13:18:10,62.56,0.0,20,125120,卖盘
13:18:12,62.58,0.02,156,976057,买盘
13:18:16,62.58,0.0,90,563279,卖盘
13:18:18,62.59,0.01,102,638398,买盘
13:18:22,62.59,0.0,67,419335,买盘
13:18:24,62.59,0.0,6,37553,买盘
13:18:28,62.59,0.0,31,194044,买盘
13:18:30,62.59,0.0,33,206549,卖盘
13:18:34,62.6,0.01,67,419403,买盘
13:18:36,62.59,-0.01,88,550805,卖盘
13:18:40,62.6,0.01,35,219095,买盘
13:18:43,62.59,-0.01,236,1477128,卖盘
13:18:46,62.58,-0.01,36,225313,卖盘
13:18:48,62.58,0.0,46,287910,卖盘
13:18:52,62.59,0.01,88,550790,买盘
13:18:54,62.59,0.0,431,2697611,买盘
13:18:58,62.59,0.0,87,544514,买盘
13:19:01,62.59,0.0,23,143959,卖盘
13:19:04,62.59,0.0,43,269164,卖盘
13:19:07,62.6,0.01,53,331760,买盘
13:19:10,62.62,0.02,354,2216170,买盘
13:19:12,62.6,-0.02,16,100182,卖盘
13:19:16,62.63,0.03,64,400774,买盘
13:19:19,62.61,-0.02,30,187879,中性盘
13:19:21,62.63,0.02,70,438356,买盘
13:19:24,62.63,0.0,60,375730,买盘
13:19:27,62.63,0.0,61,381888,买盘
13:19:30,62.65,0.02,415,2599631,买盘
13:19:33,62.66,0.01,23,144096,买盘
13:19:37,62.66,0.0,147,921061,买盘
13:19:40,62.66,0.0,82,513804,买盘
13:19:43,62.68,0.02,152,952663,买盘
13:19:46,62.69,0.01,191,1197351,买盘
13:19:49,62.68,-0.01,28,175509,卖盘
13:19:51,62.69,0.01,104,651950,买盘
13:19:54,62.69,0.0,50,313448,买盘
13:19:58,62.69,0.0,68,426299,买盘
13:20:00,62.7,0.01,1776,11135505,买盘
13:20:04,62.7,0.0,654,4100511,买盘
13:20:07,62.7,0.0,264,1655260,买盘
13:20:10,62.69,-0.01,401,2514145,卖盘
13:20:13,62.69,0.0,266,1667795,买盘
13:20:16,62.7,0.01,79,495301,买盘
13:20:18,62.69,-0.01,89,558017,卖盘
13:20:21,62.7,0.01,91,570501,买盘
13:20:25,62.69,-0.01,67,420038,卖盘
13:20:28,62.69,0.0,33,206867,买盘
13:20:31,62.68,-0.01,165,1034356,卖盘
13:20:33,62.69,0.01,74,463899,买盘
13:20:37,62.68,-0.01,161,1009169,卖盘
13:20:40,62.66,-0.02,153,959005,卖盘
13:20:43,62.68,0.02,66,413684,买盘
13:20:45,62.68,0.0,30,188020,买盘
13:20:48,62.68,0.0,159,996432,买盘
13:20:51,62.69,0.01,42,263271,买盘
13:20:54,62.69,0.0,67,420000,买盘
13:20:57,62.68,-0.01,55,344738,卖盘
13:21:01,62.67,-0.01,121,758417,卖盘
13:21:05,62.68,0.01,48,300839,买盘
13:21:07,62.67,-0.01,74,463746,卖盘
13:21:09,62.68,0.01,90,564086,买盘
13:21:12,62.68,0.0,115,720728,买盘
13:21:15,62.66,-0.02,37,231867,卖盘
13:21:19,62.67,0.01,22,137858,买盘
13:21:22,62.67,0.0,39,244389,买盘
13:21:25,62.66,-0.01,44,275720,卖盘
13:21:28,62.66,0.0,34,213043,买盘
13:21:31,62.66,0.0,82,513785,买盘
13:21:34,62.65,-0.01,107,670387,卖盘
13:21:37,62.66,0.01,42,263147,买盘
13:21:39,62.66,0.0,27,169180,买盘
13:21:43,62.66,0.0,39,244364,买盘
13:21:45,62.66,0.0,17,106512,中性盘
13:21:48,62.66,0.0,31,194243,卖盘
13:21:52,62.66,0.0,62,388492,卖盘
13:21:55,62.66,0.0,19,119054,买盘
13:21:58,62.65,-0.01,10,62653,卖盘
13:22:01,62.66,0.01,120,751856,买盘
13:22:04,62.66,0.0,54,338326,买盘
13:22:07,62.66,0.0,142,889754,买盘
13:22:09,62.67,0.01,45,282001,买盘
13:22:13,62.66,-0.01,64,401059,卖盘
13:22:16,62.66,0.0,185,1159217,卖盘
13:22:19,62.66,0.0,30,187980,卖盘
13:22:22,62.66,0.0,54,338367,卖盘
13:22:24,62.66,0.0,255,1597587,买盘
13:22:28,62.65,-0.01,89,557589,卖盘
13:22:31,62.65,0.0,92,576427,卖盘
13:22:33,62.65,0.0,60,375907,买盘
13:22:36,62.65,0.0,25,156625,买盘
13:22:39,62.64,-0.01,29,181680,卖盘
13:22:42,62.64,0.0,225,1409616,卖盘
13:22:45,62.66,0.02,143,895925,买盘
13:22:49,62.64,-0.02,45,281880,买盘
13:22:51,62.64,0.0,30,187915,买盘
13:22:55,62.63,-0.01,27,169121,卖盘
13:22:57,62.64,0.01,12,75168,买盘
13:23:00,62.64,0.0,68,425940,买盘
13:23:04,62.64,0.0,50,313201,卖盘
13:23:07,62.64,0.0,75,469803,卖盘
13:23:10,62.64,0.0,90,563762,卖盘
13:23:13,62.64,0.0,84,526110,买盘
13:23:16,62.63,-0.01,18,112740,卖盘
13:23:19,62.64,0.01,119,745416,买盘
13:23:21,62.64,0.0,10,62640,卖盘
13:23:25,62.64,0.0,20,125284,卖盘
13:23:27,62.63,-0.01,10,62634,卖盘
13:23:30,62.63,0.0,11,68894,卖盘
13:23:34,62.64,0.01,42,263064,买盘
13:23:37,62.62,-0.02,38,237962,卖盘
13:23:40,62.6,-0.02,158,989276,卖盘
13:23:42,62.62,0.02,105,657378,买盘
13:23:46,62.62,0.0,15,93904,买盘
13:23:48,62.62,0.0,39,244159,买盘
13:23:52,62.62,0.0,32,200328,买盘
13:23:54,62.61,-0.01,45,281758,卖盘
13:23:57,62.6,-0.01,23,143989,卖盘
13:24:00,62.61,0.01,25,156520,买盘
13:24:04,62.61,0.0,28,175308,买盘
13:24:06,62.6,-0.01,60,375630,卖盘
13:24:09,62.61,0.01,29,181544,买盘
13:24:13,62.61,0.0,57,356859,买盘
13:24:16,62.6,-0.01,168,1051710,卖盘
13:24:19,62.62,0.02,20,125220,买盘
13:24:22,62.62,0.0,13,81405,买盘
13:24:25,62.6,-0.02,110,688669,卖盘
13:24:28,62.6,0.0,14,87652,卖盘
13:24:31,62.61,0.01,37,231646,买盘
13:24:34,62.61,0.0,37,231657,买盘
13:24:36,62.6,-0.01,144,901442,卖盘
13:24:39,62.6,0.0,25,156504,卖盘
13:24:42,62.61,0.01,44,275475,买盘
13:24:46,62.61,0.0,86,538434,买盘
13:24:48,62.61,0.0,128,801407,买盘
13:24:52,62.61,0.0,23,144006,卖盘
13:24:54,62.62,0.01,61,381941,买盘
13:24:58,62.62,0.0,81,507208,买盘
13:25:01,62.62,0.0,108,676194,买盘
13:25:04,62.62,0.0,25,156543,买盘
13:25:07,62.62,0.0,57,356925,买盘
13:25:10,62.62,0.0,53,331872,买盘
13:25:13,62.63,0.01,23,144042,买盘
13:25:16,62.63,0.0,30,187883,买盘
13:25:18,62.62,-0.01,102,638815,卖盘
13:25:21,62.62,0.0,51,319411,卖盘
13:25:25,62.64,0.02,83,519835,买盘
13:25:28,62.63,-0.01,139,870537,卖盘
13:25:31,62.63,0.0,29,181606,买盘
13:25:33,62.63,0.0,99,620037,买盘
13:25:36,62.62,-0.01,159,995761,卖盘
13:25:40,62.61,-0.01,76,475839,卖盘
13:25:43,62.62,0.01,16,100192,买盘
13:25:46,62.61,-0.01,276,1728345,卖盘
13:25:49,62.61,0.0,62,388227,卖盘
13:25:52,62.61,0.0,55,344389,卖盘
13:25:55,62.61,0.0,38,237942,卖盘
13:25:57,62.63,0.02,83,519737,买盘
13:26:00,62.63,0.0,11,68879,买盘
13:26:04,62.63,0.0,17,106466,买盘
13:26:07,62.61,-0.02,150,939449,卖盘
13:26:10,62.62,0.01,19,118974,买盘
13:26:13,62.62,0.0,10,62626,卖盘
13:26:16,62.62,0.0,24,150304,卖盘
13:26:18,62.63,0.01,1,6263,买盘
13:26:21,62.62,-0.01,11,68886,卖盘
13:26:24,62.62,0.0,32,200404,卖盘
13:26:27,62.62,0.0,40,250515,卖盘
13:26:31,62.62,0.0,19,118980,卖盘
13:26:33,62.63,0.01,79,494731,买盘
13:26:36,62.63,0.0,24,150303,买盘
13:26:39,62.63,0.0,6,37573,买盘
13:26:43,62.63,0.0,85,532343,买盘
13:26:46,62.63,0.0,18,112727,买盘
13:26:48,62.62,-0.01,68,425846,卖盘
13:26:51,62.62,0.0,76,475954,卖盘
13:26:55,62.62,0.0,55,344426,卖盘
13:26:57,62.63,0.01,64,400830,买盘
13:27:00,62.63,0.0,19,118990,中性盘
13:27:04,62.63,0.0,42,263065,卖盘
13:27:07,62.62,-0.01,57,356939,卖盘
13:27:09,62.62,0.0,102,638807,买盘
13:27:12,62.62,0.0,79,494758,买盘
13:27:16,62.62,0.0,9,56360,卖盘
13:27:19,62.63,0.01,11,68883,买盘
13:27:22,62.62,-0.01,115,720131,卖盘
13:27:24,62.62,0.0,131,820434,卖盘
13:27:28,62.62,0.0,16,100194,卖盘
13:27:30,62.62,0.0,78,488454,卖盘
13:27:34,62.63,0.01,128,801651,买盘
13:27:36,62.62,-0.01,24,150286,买盘
13:27:40,62.62,0.0,30,187855,买盘
13:27:43,62.62,0.0,14,87663,买盘
13:27:45,62.62,0.0,92,576091,买盘
13:27:49,62.62,0.0,19,118973,买盘
13:27:51,62.61,-0.01,25,156526,卖盘
13:27:55,62.62,0.01,43,273193,买盘
13:27:58,62.61,-0.01,29,181597,卖盘
13:28:01,62.61,0.0,27,169073,卖盘
13:28:04,62.62,0.01,50,308519,买盘
13:28:07,62.62,0.0,45,281756,买盘
13:28:09,62.62,0.0,76,475909,买盘
13:28:13,62.61,-0.01,28,177023,卖盘
13:28:15,62.63,0.02,41,256763,买盘
13:28:19,62.62,-0.01,88,551095,卖盘
13:28:21,62.62,0.0,24,150292,卖盘
13:28:25,62.63,0.01,79,494736,买盘
13:28:27,62.63,0.0,148,926832,买盘
13:28:30,62.63,0.0,53,331926,买盘
13:28:33,62.62,-0.01,27,169090,卖盘
13:28:37,62.63,0.01,104,651332,买盘
13:28:39,62.63,0.0,115,720240,买盘
13:28:42,62.63,0.0,35,219192,买盘
13:28:46,62.65,0.02,521,3263612,买盘
13:28:48,62.63,-0.02,168,1052416,中性盘
13:28:51,62.65,0.02,44,275666,中性盘
13:28:54,62.66,0.01,97,607771,买盘
13:28:57,62.66,0.0,182,1143605,买盘
13:29:01,62.66,0.0,98,614131,卖盘
13:29:04,62.67,0.01,2120,13288009,买盘
13:29:07,62.67,0.0,1183,7417135,卖盘
13:29:09,62.71,0.04,3059,19180096,买盘
13:29:13,62.7,-0.01,205,1285527,卖盘
13:29:16,62.72,0.02,96,602056,买盘
13:29:18,62.72,0.0,71,445311,买盘
13:29:21,62.73,0.01,32,200725,买盘
13:29:24,62.73,0.0,49,307381,买盘
13:29:27,62.73,0.0,25,156846,卖盘
13:29:31,62.74,0.01,95,596021,买盘
13:29:34,62.75,0.01,522,3275532,买盘
13:29:36,62.75,0.0,87,545902,买盘
13:29:39,62.75,0.0,41,257303,卖盘
13:29:42,62.75,0.0,282,1769750,卖盘
13:29:46,62.76,0.01,30,188295,中性盘
13:29:49,62.77,0.01,91,571195,买盘
13:29:52,62.77,0.0,130,816071,买盘
13:29:55,62.78,0.01,36,225997,买盘
13:29:57,62.77,-0.01,136,853792,卖盘
13:30:01,62.78,0.01,460,2888188,买盘
13:30:04,62.78,0.0,48,301335,买盘
13:30:07,62.78,0.0,182,1142844,卖盘
13:30:10,62.79,0.01,38,238601,买盘
13:30:13,62.79,0.0,83,521211,卖盘
13:30:15,62.79,0.0,303,1902821,卖盘
13:30:19,62.79,0.0,371,2329674,卖盘
13:30:22,62.8,0.01,231,1450344,买盘
13:30:25,62.8,0.0,211,1325062,买盘
13:30:27,62.8,0.0,165,1036142,买盘
13:30:30,62.8,0.0,126,791265,买盘
13:30:34,62.8,0.0,205,1287386,买盘
13:30:36,62.8,0.0,98,615403,买盘
13:30:39,62.8,0.0,259,1626497,买盘
13:30:42,62.8,0.0,373,2342269,买盘
13:30:46,62.8,0.0,277,1739517,买盘
13:30:48,62.79,-0.01,101,634259,卖盘
13:30:51,62.79,0.0,96,602851,卖盘
13:30:54,62.79,0.0,192,1205714,卖盘
13:30:57,62.79,0.0,151,948247,卖盘
13:31:00,62.8,0.01,58,364197,买盘
13:31:04,62.8,0.0,144,904242,买盘
13:31:07,62.8,0.0,374,2348634,买盘
13:31:10,62.8,0.0,89,558942,卖盘
13:31:12,62.82,0.02,263,1651978,买盘
13:31:16,62.8,-0.02,185,1161836,卖盘
13:31:18,62.81,0.01,123,772590,中性盘
13:31:22,62.81,0.0,51,320344,买盘
13:31:25,62.81,0.0,57,358056,卖盘
13:31:27,62.82,0.01,100,628147,买盘
13:31:31,62.81,-0.01,42,263826,卖盘
13:31:34,62.82,0.01,191,1199913,买盘
13:31:36,62.82,0.0,50,314100,卖盘
