time,price,change,volume,amount,type
09:25:05,63.33,-0.17,3807,24109731,卖盘
09:30:00,63.27,-0.06,684,4330113,卖盘
09:30:04,63.25,-0.02,979,6192867,卖盘
09:30:07,63.24,-0.01,671,4242923,卖盘
09:30:10,63.2,-0.04,413,2610014,中性盘
09:30:13,63.16,-0.04,237,1497091,卖盘
09:30:16,63.18,0.02,263,1660407,买盘
09:30:19,63.09,-0.09,96,606022,卖盘
09:30:22,63.1,0.01,243,1532814,买盘
09:30:25,63.1,0.0,245,1545463,买盘
09:30:27,63.13,0.03,342,2157946,中性盘
09:30:30,63.13,0.0,412,2601228,卖盘
09:30:33,63.13,0.0,444,2802393,卖盘
09:30:37,63.16,0.03,646,4077175,买盘
09:30:40,63.1,-0.06,291,1836076,卖盘
09:30:42,63.16,0.06,462,2915330,买盘
09:30:46,63.1,-0.06,258,1628834,卖盘
09:30:48,63.03,-0.07,267,1683625,卖盘
09:30:51,63.14,0.11,277,1747445,买盘
09:30:54,63.04,-0.1,194,1224081,卖盘
09:30:58,63.03,-0.01,690,4350476,卖盘
09:31:01,63.07,0.04,422,2659643,买盘
09:31:04,63.02,-0.05,673,4241119,卖盘
09:31:07,63.0,-0.02,973,6130121,卖盘
09:31:10,62.93,-0.07,497,3128505,卖盘
09:31:13,62.91,-0.02,311,1958188,卖盘
09:31:15,62.93,0.02,169,1063345,买盘
09:31:18,62.9,-0.03,93,585013,卖盘
09:31:22,62.91,0.01,272,1716184,买盘
09:31:24,62.9,-0.01,140,880595,中性盘
09:31:28,62.88,-0.02,254,1597300,卖盘
09:31:30,62.91,0.03,480,3019083,买盘
09:31:33,62.89,-0.02,290,1824091,卖盘
09:31:37,62.88,-0.01,231,1452718,卖盘
09:31:40,62.91,0.03,237,1490725,买盘
09:31:43,62.89,-0.02,322,2025279,卖盘
09:31:46,62.9,0.01,390,2452744,买盘
09:31:48,62.91,0.01,503,3164181,买盘
09:31:51,62.94,0.03,100,629150,买盘
09:31:54,62.94,0.0,81,509724,卖盘
09:31:57,62.94,0.0,39,245479,卖盘
09:32:00,62.95,0.01,279,1756114,卖盘
09:32:04,62.98,0.03,340,2139858,买盘
09:32:07,62.94,-0.04,149,937786,卖盘
09:32:09,62.96,0.02,132,830912,买盘
09:32:12,62.95,-0.01,250,1573867,卖盘
09:32:15,62.96,0.01,162,1019907,买盘
09:32:19,62.98,0.02,218,1372520,买盘
09:32:21,62.97,-0.01,143,900382,中性盘
09:32:25,62.98,0.01,253,1593343,买盘
09:32:27,62.97,-0.01,383,2411866,卖盘
09:32:31,62.97,0.0,614,3865706,买盘
09:32:33,62.98,0.01,131,824937,买盘
09:32:37,62.99,0.01,240,1511341,买盘
09:32:40,62.99,0.0,151,950939,买盘
09:32:42,63.0,0.01,430,2707611,买盘
09:32:46,62.98,-0.02,109,686472,卖盘
09:32:49,62.99,0.01,239,1504813,买盘
09:32:51,62.97,-0.02,157,988553,卖盘
09:32:55,62.98,0.01,437,2751039,买盘
09:32:57,62.97,-0.01,207,1303376,卖盘
09:33:01,62.98,0.01,206,1297388,买盘
09:33:05,62.98,0.0,261,1643149,卖盘
09:33:07,62.97,-0.01,448,2822052,卖盘
09:33:10,62.98,0.01,221,1391802,买盘
09:33:13,62.98,0.0,154,969795,买盘
09:33:15,62.97,-0.01,223,1404264,卖盘
09:33:19,62.98,0.01,248,1561735,买盘
09:33:21,62.96,-0.02,338,2128301,卖盘
09:33:25,62.95,-0.01,175,1101569,卖盘
09:33:27,62.92,-0.03,271,1705156,卖盘
09:33:30,62.95,0.03,224,1409614,买盘
09:33:34,62.91,-0.04,274,1723861,卖盘
09:33:37,62.91,0.0,575,3616982,买盘
09:33:40,62.91,0.0,98,616581,卖盘
09:33:43,62.9,-0.01,160,1006448,卖盘
09:33:46,62.9,0.0,441,2773588,买盘
09:33:49,62.88,-0.02,1148,7213118,卖盘
09:33:52,62.85,-0.03,756,4751886,卖盘
09:33:54,62.79,-0.06,971,6097964,卖盘
09:33:57,62.74,-0.05,241,1512491,卖盘
09:34:01,62.75,0.01,552,3462113,买盘
09:34:05,62.68,-0.07,309,1937169,卖盘
09:34:07,62.64,-0.04,237,1485262,卖盘
09:34:10,62.7,0.06,142,889767,买盘
09:34:12,62.66,-0.04,311,1950546,卖盘
09:34:16,62.7,0.04,457,2863020,中性盘
09:34:18,62.66,-0.04,135,846300,中性盘
09:34:22,62.71,0.05,133,833748,买盘
09:34:25,62.72,0.01,242,1517999,买盘
09:34:28,62.76,0.04,246,1543908,买盘
09:34:31,62.83,0.07,186,1168587,买盘
09:34:33,62.84,0.01,98,615629,中性盘
09:34:37,62.86,0.02,130,816424,买盘
09:34:39,62.86,0.0,71,451870,买盘
09:34:43,62.86,0.0,161,1012090,卖盘
09:34:45,62.86,0.0,133,836085,卖盘
09:34:49,62.86,0.0,240,1508836,卖盘
09:34:52,62.86,0.0,250,1571596,卖盘
09:34:55,62.86,0.0,577,3625722,买盘
09:34:57,62.86,0.0,97,609729,卖盘
09:35:00,62.86,0.0,1091,6861119,买盘
09:35:04,62.87,0.01,349,2194315,中性盘
09:35:07,62.86,-0.01,192,1206985,卖盘
09:35:10,62.87,0.01,237,1489716,买盘
09:35:13,62.87,0.0,291,1829391,买盘
09:35:16,62.87,0.0,334,2100126,买盘
09:35:18,62.89,0.02,41,257875,中性盘
09:35:22,62.94,0.05,32,201283,买盘
09:35:25,62.89,-0.05,255,1603905,卖盘
09:35:28,62.95,0.06,83,522410,买盘
09:35:31,62.95,0.0,168,1057404,买盘
09:35:33,62.95,0.0,151,951020,买盘
09:35:36,62.95,0.0,224,1409956,卖盘
09:35:40,62.95,0.0,119,749030,买盘
09:35:43,62.94,-0.01,112,704956,中性盘
09:35:45,62.94,0.0,205,1290212,买盘
09:35:49,62.94,0.0,159,1000657,买盘
09:35:51,62.94,0.0,83,522378,买盘
09:35:54,62.92,-0.02,94,591596,卖盘
09:35:57,62.92,0.0,67,421676,卖盘
09:36:01,62.94,0.02,465,2926028,买盘
09:36:05,62.93,-0.01,1030,6479507,中性盘
09:36:07,62.93,0.0,98,616597,买盘
09:36:10,62.92,-0.01,485,3050252,卖盘
09:36:13,62.92,0.0,156,981802,卖盘
09:36:16,62.9,-0.02,300,1886889,卖盘
09:36:19,62.94,0.04,622,3910697,买盘
09:36:21,62.89,-0.05,711,4471589,中性盘
09:36:25,62.9,0.01,99,622766,卖盘
09:36:27,62.86,-0.04,605,3803570,卖盘
09:36:31,62.86,0.0,200,1257015,买盘
09:36:34,62.86,0.0,98,615980,买盘
09:36:37,62.8,-0.06,143,898718,卖盘
09:36:40,62.84,0.04,299,1878512,买盘
09:36:43,62.81,-0.03,44,276399,卖盘
09:36:46,62.84,0.03,423,2656739,买盘
09:36:49,62.84,0.0,462,2902289,买盘
09:36:52,62.84,0.0,275,1727711,买盘
09:36:54,62.81,-0.03,358,2248815,卖盘
09:36:57,62.84,0.03,95,596782,买盘
09:37:00,62.84,0.0,189,1187315,买盘
09:37:05,62.82,-0.02,172,1080583,卖盘
09:37:06,62.82,0.0,222,1394311,买盘
09:37:10,62.81,-0.01,159,998733,卖盘
09:37:13,62.82,0.01,173,1081798,买盘
09:37:16,62.82,0.0,108,678518,卖盘
09:37:18,62.82,0.0,148,929721,卖盘
09:37:22,62.82,0.0,60,376913,买盘
09:37:24,62.81,-0.01,298,1871893,卖盘
09:37:28,62.82,0.01,271,1702338,买盘
09:37:30,62.82,0.0,118,741269,买盘
09:37:33,62.84,0.02,23,144502,买盘
09:37:36,62.86,0.02,95,596987,买盘
09:37:40,62.84,-0.02,57,358217,卖盘
09:37:42,62.87,0.03,207,1301496,买盘
09:37:46,62.87,0.0,39,245176,卖盘
09:37:48,62.89,0.02,298,1873539,中性盘
09:37:52,62.89,0.0,142,893139,卖盘
09:37:54,62.9,0.01,110,691907,买盘
09:37:58,62.91,0.01,93,585059,买盘
09:38:01,62.95,0.04,79,497090,买盘
09:38:04,62.95,0.0,30,188768,买盘
09:38:07,62.96,0.01,211,1327614,买盘
09:38:10,62.95,-0.01,490,3084888,卖盘
09:38:13,62.96,0.01,72,453320,买盘
09:38:15,62.99,0.03,58,365248,买盘
09:38:18,62.96,-0.03,167,1051467,卖盘
09:38:22,63.0,0.04,91,573190,买盘
09:38:25,63.0,0.0,87,547983,买盘
09:38:28,63.0,0.0,1027,6475677,买盘
09:38:30,63.0,0.0,385,2426746,卖盘
09:38:34,63.0,0.0,166,1045856,卖盘
09:38:36,63.15,0.15,82,516780,买盘
09:38:39,63.15,0.0,60,378900,买盘
09:38:43,63.15,0.0,73,461012,卖盘
09:38:45,63.14,-0.01,98,618773,卖盘
09:38:49,63.14,0.0,111,700791,买盘
09:38:51,63.14,0.0,73,460668,买盘
09:38:54,63.08,-0.06,126,795364,卖盘
09:38:58,63.11,0.03,133,839194,中性盘
09:39:00,63.1,-0.01,83,523605,中性盘
09:39:04,63.13,0.03,55,347061,中性盘
09:39:07,63.15,0.02,87,549228,买盘
09:39:10,63.11,-0.04,118,744879,卖盘
09:39:13,63.09,-0.02,127,801372,中性盘
09:39:16,63.13,0.04,136,858231,买盘
09:39:19,63.09,-0.04,146,921418,卖盘
09:39:21,63.09,0.0,146,921034,买盘
09:39:25,63.1,0.01,206,1299460,买盘
09:39:27,63.1,0.0,134,844849,买盘
09:39:31,63.07,-0.03,75,473062,卖盘
09:39:33,63.06,-0.01,136,857531,卖盘
09:39:37,63.07,0.01,119,750184,买盘
09:39:39,63.07,0.0,70,441249,买盘
09:39:43,63.07,0.0,208,1310874,买盘
09:39:45,63.04,-0.03,126,793906,买盘
09:39:49,63.07,0.03,198,1248169,买盘
09:39:51,63.0,-0.07,192,1209873,卖盘
09:39:55,63.01,0.01,108,680440,卖盘
09:39:57,63.01,0.0,190,1197046,买盘
09:40:00,63.0,-0.01,426,2683710,卖盘
09:40:04,62.96,-0.04,305,1920592,卖盘
09:40:07,62.95,-0.01,759,4778003,卖盘
09:40:10,62.92,-0.03,57,358695,卖盘
09:40:12,62.93,0.01,167,1050862,买盘
09:40:15,62.91,-0.02,68,428025,中性盘
09:40:18,62.9,-0.01,168,1056948,卖盘
09:40:22,62.93,0.03,118,742334,卖盘
09:40:24,62.9,-0.03,60,377408,卖盘
09:40:27,62.92,0.02,61,383754,买盘
09:40:31,62.9,-0.02,162,1019092,卖盘
09:40:34,62.93,0.03,119,748555,买盘
09:40:37,62.91,-0.02,48,301990,卖盘
09:40:39,62.92,0.01,42,264272,买盘
09:40:43,62.92,0.0,137,862004,卖盘
09:40:46,62.92,0.0,79,497120,卖盘
09:40:49,62.91,-0.01,143,899691,卖盘
09:40:52,62.92,0.01,58,364904,买盘
09:40:55,62.91,-0.01,24,151003,卖盘
09:40:58,62.91,0.0,49,308280,卖盘
09:41:00,62.91,0.0,83,522194,卖盘
09:41:04,62.91,0.0,77,484448,卖盘
09:41:07,62.91,0.0,124,780155,卖盘
09:41:10,62.92,0.01,72,452986,中性盘
09:41:12,62.92,0.0,82,515910,卖盘
09:41:16,62.92,0.0,38,239113,卖盘
09:41:18,62.92,0.0,71,446738,卖盘
09:41:21,62.92,0.0,232,1459892,卖盘
09:41:24,62.93,0.01,114,717396,买盘
09:41:28,62.92,-0.01,110,692353,中性盘
09:41:31,62.93,0.01,227,1429858,中性盘
09:41:33,62.91,-0.02,317,1994500,卖盘
09:41:36,63.0,0.09,205,1291343,买盘
09:41:40,63.0,0.0,86,541794,卖盘
09:41:42,63.0,0.0,61,384246,买盘
09:41:46,63.0,0.0,79,497700,卖盘
09:41:48,63.01,0.01,294,1852082,买盘
09:41:51,62.95,-0.06,193,1215359,卖盘
09:41:54,63.0,0.05,179,1127603,买盘
09:41:58,62.99,-0.01,34,214180,中性盘
09:42:01,63.01,0.02,91,573271,买盘
09:42:04,63.01,0.0,44,277216,买盘
09:42:07,63.0,-0.01,225,1417511,卖盘
09:42:09,62.99,-0.01,155,976412,卖盘
09:42:13,62.99,0.0,75,472401,买盘
09:42:15,63.0,0.01,81,510222,买盘
09:42:18,62.98,-0.02,139,875585,卖盘
09:42:21,62.99,0.01,57,359004,买盘
09:42:24,62.96,-0.03,101,636182,卖盘
09:42:28,62.99,0.03,170,1070564,中性盘
09:42:30,63.0,0.01,130,818926,买盘
09:42:33,62.99,-0.01,123,774682,卖盘
09:42:37,63.0,0.01,223,1404849,买盘
09:42:40,63.03,0.03,211,1329484,买盘
09:42:43,63.03,0.0,199,1254374,卖盘
09:42:45,63.05,0.02,107,674439,买盘
09:42:49,63.05,0.0,49,308899,买盘
09:42:52,63.04,-0.01,372,2344851,卖盘
09:42:55,63.03,-0.01,230,1449809,卖盘
09:42:57,63.03,0.0,128,806459,买盘
09:43:00,62.98,-0.05,188,1184344,卖盘
09:43:04,62.98,0.0,77,484943,中性盘
09:43:07,62.96,-0.02,232,1460955,卖盘
09:43:10,62.99,0.03,59,371595,买盘
09:43:13,62.96,-0.03,97,610876,卖盘
09:43:16,62.96,0.0,270,1699752,买盘
09:43:19,62.98,0.02,92,579253,买盘
09:43:22,62.95,-0.03,61,384050,卖盘
09:43:25,62.98,0.03,159,1000961,买盘
09:43:28,62.95,-0.03,75,472151,卖盘
09:43:31,62.94,-0.01,314,1976457,卖盘
09:43:34,62.92,-0.02,1291,8120756,卖盘
09:43:37,62.83,-0.09,738,4639516,卖盘
09:43:39,62.86,0.03,359,2255260,中性盘
09:43:42,62.8,-0.06,432,2713325,卖盘
09:43:46,62.78,-0.02,1202,7547022,卖盘
09:43:48,62.77,-0.01,218,1368661,卖盘
09:43:52,62.76,-0.01,165,1035839,卖盘
09:43:54,62.76,0.0,267,1675434,中性盘
09:43:57,62.73,-0.03,281,1764217,买盘
09:44:01,62.75,0.02,76,476854,买盘
09:44:04,62.8,0.05,784,4919227,买盘
09:44:07,62.8,0.0,114,716047,卖盘
09:44:09,62.8,0.0,178,1117635,卖盘
09:44:13,62.86,0.06,64,401960,买盘
09:44:15,62.86,0.0,76,477395,买盘
09:44:19,62.8,-0.06,185,1161870,卖盘
09:44:22,62.81,0.01,55,345429,中性盘
09:44:25,62.81,0.0,12,75401,卖盘
09:44:28,62.84,0.03,160,1004932,买盘
09:44:31,62.86,0.02,150,942486,买盘
09:44:34,62.85,-0.01,235,1476568,中性盘
09:44:36,62.82,-0.03,314,1973872,卖盘
09:44:40,62.82,0.0,53,333036,卖盘
09:44:43,62.88,0.06,283,1779415,买盘
09:44:46,62.88,0.0,217,1364497,卖盘
09:44:49,62.88,0.0,945,5942159,卖盘
09:44:51,62.87,-0.01,17,106882,卖盘
09:44:55,62.87,0.0,65,408669,卖盘
09:44:58,62.87,0.0,60,377201,卖盘
09:45:01,62.86,-0.01,33,207454,卖盘
09:45:04,62.85,-0.01,160,1005668,卖盘
09:45:07,62.86,0.01,129,810767,中性盘
09:45:10,62.83,-0.03,1543,9691072,卖盘
09:45:13,62.78,-0.05,284,1783566,卖盘
09:45:16,62.77,-0.01,66,414401,卖盘
09:45:19,62.8,0.03,63,395504,买盘
09:45:22,62.78,-0.02,53,332696,卖盘
09:45:25,62.79,0.01,104,653016,中性盘
09:45:28,62.8,0.01,57,357915,买盘
09:45:30,62.8,0.0,97,609110,买盘
09:45:34,62.79,-0.01,126,791200,卖盘
09:45:37,62.79,0.0,86,540020,卖盘
09:45:40,62.8,0.01,96,602793,买盘
09:45:43,62.8,0.0,245,1536400,买盘
09:45:45,62.79,-0.01,84,529354,卖盘
09:45:49,62.79,0.0,118,740918,买盘
09:45:52,62.79,0.0,66,414361,买盘
09:45:54,62.77,-0.02,1050,6589724,卖盘
09:45:58,62.74,-0.03,365,2289483,卖盘
09:46:00,62.75,0.01,56,351359,买盘
09:46:04,62.75,0.0,73,458030,买盘
09:46:07,62.73,-0.02,46,288603,卖盘
09:46:10,62.75,0.02,47,294897,买盘
09:46:12,62.74,-0.01,283,1775770,卖盘
09:46:15,62.75,0.01,122,765401,买盘
09:46:19,62.75,0.0,133,834455,买盘
09:46:21,62.74,-0.01,187,1173354,卖盘
09:46:24,62.74,0.0,75,470600,卖盘
09:46:28,62.73,-0.01,125,784269,卖盘
09:46:31,62.74,0.01,226,1417921,买盘
09:46:34,62.74,0.0,1531,9601359,买盘
09:46:36,62.73,-0.01,58,363815,买盘
09:46:39,62.73,0.0,71,445376,买盘
09:46:43,62.73,0.0,109,683754,买盘
09:46:46,62.74,0.01,90,564505,买盘
09:46:49,62.74,0.0,102,639850,买盘
09:46:52,62.74,0.0,76,476788,买盘
09:46:55,62.73,-0.01,118,740234,卖盘
09:46:58,62.73,0.0,367,2301760,买盘
09:47:00,62.73,0.0,146,915818,买盘
09:47:04,62.71,-0.02,169,1060105,卖盘
09:47:06,62.72,0.01,161,1009880,卖盘
09:47:09,62.71,-0.01,74,464091,卖盘
09:47:13,62.72,0.01,73,457861,买盘
09:47:16,62.74,0.02,83,520633,买盘
09:47:19,62.72,-0.02,100,627265,卖盘
09:47:22,62.73,0.01,167,1047825,中性盘
09:47:25,62.72,-0.01,163,1022420,卖盘
09:47:27,62.75,0.03,45,282276,买盘
09:47:31,62.74,-0.01,88,552117,卖盘
09:47:34,62.75,0.01,73,458016,买盘
09:47:37,62.74,-0.01,86,539569,卖盘
09:47:40,62.74,0.0,347,2177369,卖盘
09:47:42,62.74,0.0,202,1267362,卖盘
09:47:45,62.73,-0.01,50,313697,卖盘
09:47:48,62.75,0.02,105,658773,买盘
09:47:51,62.74,-0.01,72,451738,卖盘
09:47:55,62.73,-0.01,203,1273483,卖盘
09:47:58,62.75,0.02,635,3983614,买盘
09:48:01,62.74,-0.01,48,301162,卖盘
09:48:04,62.74,0.0,100,627397,买盘
09:48:07,62.74,0.0,101,633648,买盘
09:48:09,62.73,-0.01,283,1775561,卖盘
09:48:13,62.75,0.02,311,1951045,买盘
09:48:15,62.75,0.0,170,1067046,买盘
09:48:19,62.75,0.0,41,257292,卖盘
09:48:21,62.75,0.0,54,338970,卖盘
09:48:25,62.75,0.0,434,2723568,卖盘
09:48:27,62.75,0.0,102,640050,卖盘
09:48:31,62.75,0.0,105,659000,卖盘
09:48:33,62.75,0.0,102,640101,卖盘
09:48:36,62.75,0.0,515,3231135,卖盘
09:48:39,62.79,0.04,43,269883,买盘
09:48:43,62.75,-0.04,265,1662929,卖盘
09:48:45,62.75,0.0,176,1104389,买盘
09:48:49,62.76,0.01,189,1185991,中性盘
09:48:51,62.75,-0.01,96,602422,卖盘
09:48:55,62.76,0.01,61,382827,买盘
09:48:57,62.76,0.0,119,746729,买盘
09:49:01,62.76,0.0,111,696595,买盘
09:49:04,62.76,0.0,87,546021,卖盘
09:49:07,62.77,0.01,102,640114,买盘
09:49:10,62.77,0.0,24,150630,买盘
09:49:13,62.77,0.0,130,815891,买盘
09:49:16,62.76,-0.01,55,345176,卖盘
09:49:19,62.75,-0.01,383,2403593,卖盘
09:49:22,62.75,0.0,91,571024,买盘
09:49:24,62.74,-0.01,150,941172,卖盘
09:49:28,62.75,0.01,97,608604,中性盘
09:49:30,62.75,0.0,37,232190,卖盘
09:49:34,62.76,0.01,41,257289,买盘
09:49:36,62.76,0.0,45,282411,买盘
09:49:40,62.76,0.0,58,363989,买盘
09:49:42,62.76,0.0,132,828383,买盘
09:49:46,62.76,0.0,183,1148638,卖盘
09:49:48,62.76,0.0,47,294977,卖盘
09:49:51,62.76,0.0,82,514628,买盘
09:49:55,62.75,-0.01,146,916250,卖盘
09:49:57,62.77,0.02,89,558574,买盘
09:50:01,62.77,0.0,354,2221652,卖盘
09:50:04,62.76,-0.01,51,320076,卖盘
09:50:07,62.77,0.01,993,6233333,买盘
09:50:09,62.76,-0.01,199,1248801,中性盘
09:50:13,62.77,0.01,81,508324,卖盘
09:50:16,62.77,0.0,82,514626,买盘
09:50:18,62.77,0.0,168,1054405,卖盘
09:50:22,62.76,-0.01,113,709204,卖盘
09:50:24,62.77,0.01,30,188313,买盘
09:50:28,62.77,0.0,173,1085767,卖盘
09:50:31,62.77,0.0,52,326408,买盘
09:50:34,62.78,0.01,73,458277,买盘
09:50:37,62.78,0.0,38,238566,卖盘
09:50:40,62.79,0.01,109,684355,买盘
09:50:43,62.79,0.0,31,194637,买盘
09:50:45,62.78,-0.01,808,5074016,卖盘
09:50:48,62.8,0.02,29,182119,卖盘
09:50:52,62.79,-0.01,133,830102,卖盘
09:50:54,62.8,0.01,32,205964,卖盘
09:50:58,62.8,0.0,61,378073,买盘
09:51:00,62.81,0.01,12,75366,中性盘
09:51:04,62.81,0.0,27,169603,卖盘
09:51:06,62.81,0.0,116,728595,卖盘
09:51:10,62.81,0.0,253,1589079,买盘
09:51:12,62.82,0.01,77,483645,买盘
09:51:16,62.82,0.0,61,383204,卖盘
09:51:18,62.82,0.0,27,169634,卖盘
09:51:22,62.83,0.01,146,917192,买盘
09:51:25,62.83,0.0,59,370655,买盘
09:51:27,62.82,-0.01,127,797714,卖盘
09:51:30,62.82,0.0,143,898263,买盘
09:51:34,62.83,0.01,45,282739,买盘
09:51:36,62.8,-0.03,532,3346321,卖盘
09:51:40,62.8,0.0,117,734756,买盘
09:51:42,62.8,0.0,120,748630,买盘
09:51:46,62.83,0.03,39,245004,买盘
09:51:48,62.82,-0.01,33,207272,卖盘
09:51:52,62.82,0.0,233,1463255,买盘
09:51:55,62.82,0.0,127,797808,买盘
09:51:58,62.83,0.01,65,408361,买盘
09:52:01,62.85,0.02,614,3858911,买盘
09:52:04,62.86,0.01,43,270256,买盘
09:52:07,62.86,0.0,10,62860,买盘
09:52:09,62.85,-0.01,136,854771,卖盘
09:52:12,62.87,0.02,11,69149,买盘
09:52:16,62.86,-0.01,118,741825,卖盘
09:52:19,62.87,0.01,32,201191,卖盘
09:52:22,62.87,0.0,100,628675,卖盘
09:52:25,62.87,0.0,170,1068832,买盘
09:52:27,62.88,0.01,50,314352,买盘
09:52:31,62.87,-0.01,137,861262,卖盘
09:52:33,62.87,0.0,218,1370565,中性盘
09:52:37,62.87,0.0,170,1068859,卖盘
09:52:40,62.88,0.01,158,993293,买盘
09:52:42,62.87,-0.01,45,282911,卖盘
09:52:46,62.88,0.01,85,534437,买盘
09:52:48,62.87,-0.01,43,270314,卖盘
09:52:51,62.88,0.01,132,829899,买盘
09:52:54,62.88,0.0,175,1100340,卖盘
09:52:57,62.88,0.0,34,213780,买盘
09:53:00,62.87,-0.01,43,270348,卖盘
09:53:04,62.88,0.01,65,408671,买盘
09:53:07,62.88,0.0,259,1628130,买盘
09:53:10,62.87,-0.01,110,691632,卖盘
09:53:12,62.85,-0.02,60,377148,卖盘
09:53:16,62.87,0.02,50,314340,买盘
09:53:18,62.87,0.0,41,257701,买盘
09:53:22,62.86,-0.01,92,578317,中性盘
09:53:24,62.86,0.0,174,1093654,卖盘
09:53:27,62.84,-0.02,82,515302,卖盘
09:53:30,62.84,0.0,344,2161271,买盘
09:53:34,62.84,0.0,78,489944,买盘
09:53:36,62.84,0.0,90,565414,买盘
09:53:39,62.8,-0.04,43,270062,卖盘
09:53:42,62.8,0.0,1764,11083123,卖盘
09:53:45,62.78,-0.02,1103,6923420,卖盘
09:53:48,62.79,0.01,90,564961,买盘
09:53:51,62.74,-0.05,62,389018,卖盘
09:53:55,62.74,0.0,108,677734,卖盘
09:53:57,62.73,-0.01,98,614777,卖盘
09:54:01,62.74,0.01,357,2239347,买盘
09:54:04,62.73,-0.01,248,1555589,中性盘
09:54:07,62.73,0.0,78,489261,买盘
09:54:09,62.72,-0.01,372,2333166,卖盘
09:54:13,62.72,0.0,104,652314,中性盘
09:54:16,62.72,0.0,226,1417407,买盘
09:54:18,62.72,0.0,230,1442378,买盘
09:54:22,62.71,-0.01,517,3242184,卖盘
09:54:25,62.72,0.01,118,740047,买盘
09:54:28,62.71,-0.01,117,733753,卖盘
09:54:31,62.72,0.01,213,1335820,买盘
09:54:33,62.72,0.0,115,721261,卖盘
09:54:36,62.72,0.0,92,577075,卖盘
09:54:40,62.73,0.01,58,363798,买盘
09:54:42,62.72,-0.01,40,250896,卖盘
09:54:46,62.73,0.01,37,232102,卖盘
09:54:49,62.73,0.0,29,181911,卖盘
09:54:52,62.74,0.01,65,407714,买盘
09:54:55,62.73,-0.01,19,119198,卖盘
09:54:57,62.73,0.0,57,357562,卖盘
09:55:00,62.72,-0.01,88,551991,卖盘
09:55:04,62.72,0.0,397,2490059,卖盘
09:55:07,62.72,0.0,252,1580560,卖盘
09:55:10,62.71,-0.01,508,3185835,卖盘
09:55:13,62.72,0.01,212,1329474,买盘
09:55:15,62.72,0.0,298,1868827,买盘
09:55:18,62.71,-0.01,292,1831124,卖盘
09:55:22,62.7,-0.01,671,4207270,卖盘
09:55:24,62.71,0.01,210,1316944,卖盘
09:55:28,62.71,0.0,44,275905,买盘
09:55:31,62.74,0.03,354,2220350,买盘
09:55:34,62.74,0.0,109,683866,卖盘
09:55:37,62.71,-0.03,375,2352478,卖盘
09:55:39,62.75,0.04,23,144300,买盘
09:55:43,62.75,0.0,15,94098,买盘
09:55:45,62.73,-0.02,1,6273,中性盘
09:55:49,62.72,-0.01,92,577236,卖盘
09:55:51,62.73,0.01,67,420213,买盘
09:55:55,62.74,0.01,13,81563,买盘
09:55:58,62.73,-0.01,41,257202,卖盘
09:56:01,62.72,-0.01,21,131731,卖盘
09:56:04,62.74,0.02,19,119197,买盘
09:56:06,62.73,-0.01,42,263470,卖盘
09:56:10,62.73,0.0,35,219572,卖盘
09:56:12,62.73,0.0,39,244647,卖盘
09:56:16,62.72,-0.01,276,1731071,卖盘
09:56:19,62.73,0.01,388,2433272,买盘
09:56:22,62.73,0.0,98,614766,买盘
09:56:24,62.74,0.01,37,232106,买盘
09:56:27,62.72,-0.02,125,784142,卖盘
09:56:31,62.74,0.02,115,721304,买盘
09:56:34,62.73,-0.01,30,188199,卖盘
09:56:37,62.73,0.0,178,1116610,卖盘
09:56:39,62.73,0.0,70,439071,买盘
09:56:42,62.72,-0.01,46,288551,卖盘
09:56:46,62.72,0.0,186,1166596,卖盘
09:56:49,62.73,0.01,191,1198049,买盘
09:56:52,62.73,0.0,43,269737,买盘
09:56:55,62.73,0.0,6,37638,卖盘
09:56:58,62.73,0.0,43,269739,卖盘
09:57:01,62.73,0.0,16,100359,买盘
09:57:04,62.73,0.0,76,476754,买盘
09:57:06,62.73,0.0,38,238381,卖盘
09:57:10,62.73,0.0,72,451656,卖盘
09:57:12,62.74,0.01,40,250929,买盘
09:57:15,62.73,-0.01,28,175646,卖盘
09:57:18,62.74,0.01,101,633653,买盘
09:57:22,62.73,-0.01,98,614765,卖盘
09:57:25,62.73,0.0,42,263487,卖盘
09:57:28,62.74,0.01,11,69009,买盘
09:57:31,62.73,-0.01,109,683767,卖盘
09:57:34,62.74,0.01,60,376425,买盘
09:57:36,62.74,0.0,8,50189,买盘
09:57:39,62.73,-0.01,79,495581,卖盘
09:57:42,62.73,0.0,110,690043,卖盘
09:57:45,62.74,0.01,10,62733,买盘
09:57:49,62.74,0.0,196,1229502,买盘
09:57:52,62.73,-0.01,51,319959,卖盘
09:57:55,62.73,0.0,30,188195,卖盘
09:57:58,62.74,0.01,37,232123,买盘
09:58:00,62.74,0.0,194,1217083,买盘
09:58:04,62.74,0.0,220,1380255,买盘
09:58:07,62.74,0.0,134,840726,卖盘
09:58:10,62.74,0.0,7,43918,卖盘
09:58:13,62.75,0.01,58,363922,买盘
09:58:16,62.75,0.0,1542,9671008,买盘
09:58:18,62.74,-0.01,94,589631,买盘
09:58:21,62.71,-0.03,47,294782,卖盘
09:58:24,62.74,0.03,51,319973,中性盘
09:58:28,62.75,0.01,24,150566,买盘
09:58:31,62.74,-0.01,50,313602,买盘
09:58:34,62.72,-0.02,16,100361,中性盘
09:58:36,62.71,-0.01,137,859202,卖盘
09:58:40,62.74,0.03,66,413983,买盘
09:58:43,62.73,-0.01,417,2615063,中性盘
09:58:46,62.72,-0.01,1713,10740621,卖盘
09:58:48,62.71,-0.01,718,4501912,中性盘
09:58:52,62.7,-0.01,174,1090863,卖盘
09:58:54,62.69,-0.01,128,802450,卖盘
09:58:58,62.69,0.0,345,2162568,买盘
09:59:00,62.68,-0.01,487,3052255,卖盘
09:59:04,62.68,0.0,1687,10569296,买盘
09:59:07,62.64,-0.04,480,3006274,中性盘
09:59:09,62.62,-0.02,1344,8416172,卖盘
09:59:13,62.57,-0.05,1858,11630920,卖盘
09:59:15,62.53,-0.04,401,2508139,卖盘
09:59:19,62.52,-0.01,208,1300379,卖盘
09:59:22,62.51,-0.01,393,2456744,卖盘
09:59:24,62.51,0.0,540,3374742,卖盘
09:59:27,62.51,0.0,680,4250237,买盘
09:59:30,62.5,-0.01,2472,15449980,卖盘
09:59:34,62.48,-0.02,944,5895849,卖盘
09:59:37,62.38,-0.1,697,4349674,卖盘
09:59:40,62.37,-0.01,434,2707284,卖盘
09:59:43,62.33,-0.04,174,1084743,卖盘
09:59:46,62.32,-0.01,1006,6268575,卖盘
09:59:48,62.29,-0.03,428,2665427,中性盘
09:59:51,62.26,-0.03,1432,8915967,卖盘
09:59:55,62.23,-0.03,419,2607433,卖盘
09:59:58,62.24,0.01,340,2115431,买盘
10:00:01,62.22,-0.02,505,3141839,买盘
10:00:04,62.26,0.04,665,4137706,买盘
10:00:07,62.22,-0.04,401,2495614,卖盘
10:00:10,62.25,0.03,197,1226128,买盘
10:00:12,62.24,-0.01,656,4082668,卖盘
10:00:16,62.28,0.04,562,3497499,买盘
10:00:18,62.28,0.0,276,1719434,卖盘
10:00:22,62.29,0.01,323,2010968,卖盘
10:00:24,62.33,0.04,431,2684629,买盘
10:00:28,62.3,-0.03,279,1738306,卖盘
10:00:30,62.36,0.06,349,2174411,买盘
10:00:34,62.3,-0.06,333,2074830,卖盘
10:00:37,62.31,0.01,288,1794666,中性盘
10:00:40,62.35,0.04,221,1377698,买盘
10:00:42,62.34,-0.01,244,1520586,中性盘
10:00:46,62.35,0.01,195,1215700,买盘
10:00:49,62.37,0.02,82,511274,买盘
10:00:51,62.37,0.0,136,847997,卖盘
10:00:54,62.38,0.01,142,885566,买盘
10:00:58,62.38,0.0,275,1715371,买盘
10:01:00,62.38,0.0,123,767290,卖盘
10:01:05,62.4,0.02,65,405491,买盘
10:01:07,62.41,0.01,66,411818,买盘
10:01:09,62.44,0.03,53,330793,中性盘
10:01:12,62.41,-0.03,109,680247,卖盘
10:01:16,62.44,0.03,178,1111137,买盘
10:01:19,62.41,-0.03,160,998758,卖盘
10:01:21,62.41,0.0,278,1734917,卖盘
10:01:24,62.42,0.01,183,1141990,买盘
10:01:28,62.43,0.01,162,1011106,买盘
10:01:31,62.42,-0.01,100,624152,中性盘
10:01:33,62.42,0.0,76,474424,卖盘
10:01:37,62.42,0.0,219,1367157,卖盘
10:01:39,62.42,0.0,136,848956,卖盘
10:01:43,62.42,0.0,170,1061352,卖盘
10:01:45,62.43,0.01,204,1273466,中性盘
10:01:49,62.45,0.02,150,936520,买盘
10:01:52,62.44,-0.01,263,1641967,卖盘
10:01:55,62.45,0.01,124,774264,买盘
10:01:57,62.46,0.01,87,543308,买盘
10:02:00,62.46,0.0,65,405932,买盘
10:02:05,62.46,0.0,186,1161534,买盘
10:02:07,62.46,0.0,53,331036,卖盘
10:02:10,62.45,-0.01,169,1055595,卖盘
10:02:13,62.45,0.0,179,1117938,卖盘
10:02:16,62.46,0.01,111,693203,中性盘
10:02:18,62.5,0.04,515,3217123,买盘
10:02:22,62.47,-0.03,203,1268680,卖盘
10:02:25,62.49,0.02,127,793262,中性盘
10:02:28,62.47,-0.02,60,374732,中性盘
10:02:30,62.45,-0.02,88,549815,卖盘
10:02:34,62.45,0.0,91,568441,卖盘
10:02:36,62.45,0.0,96,599529,卖盘
10:02:40,62.43,-0.02,251,1567266,卖盘
10:02:43,62.46,0.03,744,4644210,买盘
10:02:45,62.42,-0.04,142,887946,卖盘
10:02:48,62.41,-0.01,316,1972122,卖盘
10:02:52,62.42,0.01,280,1747345,买盘
10:02:54,62.42,0.0,235,1466493,买盘
10:02:58,62.4,-0.02,137,854910,卖盘
10:03:00,62.4,0.0,126,786189,买盘
10:03:04,62.4,0.0,120,748715,买盘
10:03:07,62.39,-0.01,147,917047,卖盘
10:03:10,62.4,0.01,335,2089950,买盘
10:03:12,62.4,0.0,1123,7003130,买盘
10:03:15,62.38,-0.02,68,428462,卖盘
10:03:18,62.36,-0.02,324,2020683,卖盘
10:03:21,62.4,0.04,260,1617636,买盘
10:03:25,62.4,0.0,344,2146561,卖盘
10:03:28,62.4,0.0,258,1614137,卖盘
10:03:30,62.39,-0.01,115,717461,中性盘
10:03:34,62.37,-0.02,320,1996671,卖盘
10:03:36,62.37,0.0,143,891903,卖盘
10:03:39,62.36,-0.01,345,2151577,卖盘
10:03:42,62.37,0.01,366,2282096,买盘
10:03:46,62.37,0.0,156,972776,买盘
10:03:49,62.36,-0.01,218,1359343,卖盘
10:03:51,62.35,-0.01,265,1652355,卖盘
10:03:54,62.36,0.01,191,1190796,买盘
10:03:57,62.35,-0.01,133,829162,买盘
10:04:01,62.36,0.01,65,405240,中性盘
10:04:04,62.37,0.01,122,760654,买盘
10:04:07,62.36,-0.01,57,355484,卖盘
10:04:10,62.37,0.01,93,579965,买盘
10:04:12,62.35,-0.02,74,461403,卖盘
10:04:16,62.35,0.0,237,1477816,买盘
10:04:19,62.36,0.01,142,885383,买盘
10:04:22,62.35,-0.01,68,424003,卖盘
10:04:24,62.35,0.0,171,1066180,卖盘
10:04:27,62.35,0.0,246,1534082,卖盘
10:04:30,62.36,0.01,108,673432,中性盘
10:04:34,62.35,-0.01,21,130947,卖盘
10:04:37,62.37,0.02,93,579910,买盘
10:04:40,62.36,-0.01,94,586269,卖盘
10:04:43,62.37,0.01,49,305592,中性盘
10:04:46,62.36,-0.01,46,286883,卖盘
10:04:49,62.36,0.0,771,4805976,卖盘
10:04:51,62.37,0.01,121,754703,卖盘
10:04:55,62.37,0.0,152,947910,买盘
10:04:57,62.37,0.0,187,1166084,买盘
10:05:01,62.38,0.01,40,249486,买盘
10:05:05,62.37,-0.01,78,486502,卖盘
10:05:07,62.37,0.0,58,361750,卖盘
10:05:09,62.39,0.02,21,130996,买盘
10:05:13,62.38,-0.01,94,586380,卖盘
10:05:15,62.39,0.01,51,318202,中性盘
10:05:19,62.38,-0.01,248,1546890,卖盘
10:05:21,62.39,0.01,76,474115,买盘
10:05:25,62.38,-0.01,551,3436618,卖盘
10:05:27,62.38,0.0,125,779659,买盘
10:05:31,62.4,0.02,104,648879,买盘
10:05:33,62.39,-0.01,14,87347,卖盘
10:05:36,62.39,0.0,33,205893,卖盘
10:05:39,62.4,0.01,60,374369,买盘
10:05:42,62.39,-0.01,331,2067023,卖盘
10:05:45,62.42,0.03,36,224632,买盘
10:05:48,62.4,-0.02,99,617751,卖盘
10:05:52,62.41,0.01,39,243358,中性盘
10:05:55,62.39,-0.02,91,567880,卖盘
10:05:58,62.42,0.03,143,892352,买盘
10:06:00,62.42,0.0,59,368204,买盘
10:06:04,62.42,0.0,80,499338,买盘
10:06:07,62.42,0.0,76,474377,买盘
10:06:10,62.42,0.0,181,1129668,买盘
10:06:13,62.42,0.0,42,262162,买盘
10:06:15,62.43,0.01,77,480701,买盘
10:06:18,62.42,-0.01,41,255971,卖盘
10:06:22,62.44,0.02,9,56192,中性盘
10:06:25,62.43,-0.01,61,380881,卖盘
10:06:27,62.47,0.04,48,299723,买盘
10:06:31,62.44,-0.03,12,74928,卖盘
10:06:33,62.46,0.02,35,218567,买盘
10:06:37,62.46,0.0,26,162392,买盘
10:06:39,62.46,0.0,31,193606,买盘
10:06:42,62.46,0.0,50,312299,买盘
10:06:45,62.44,-0.02,250,1561347,卖盘
10:06:48,62.46,0.02,91,568363,买盘
10:06:51,62.46,0.0,65,405975,买盘
10:06:55,62.46,0.0,123,768114,买盘
10:06:58,62.46,0.0,91,568386,卖盘
10:07:00,62.47,0.01,23,143665,买盘
10:07:05,62.47,0.0,51,318579,买盘
10:07:06,62.46,-0.01,258,1611623,卖盘
10:07:09,62.47,0.01,160,999395,买盘
10:07:12,62.46,-0.01,211,1317952,卖盘
10:07:16,62.47,0.01,55,343586,卖盘
10:07:19,62.48,0.01,122,762135,买盘
10:07:21,62.47,-0.01,142,887063,卖盘
10:07:25,62.47,0.0,138,862009,买盘
10:07:28,62.47,0.0,50,312350,买盘
10:07:30,62.46,-0.01,372,2323572,卖盘
10:07:34,62.46,0.0,190,1186820,买盘
10:07:37,62.5,0.04,531,3313631,买盘
10:07:40,62.5,0.0,74,462500,卖盘
10:07:42,62.48,-0.02,95,598676,卖盘
10:07:45,62.47,-0.01,93,581278,卖盘
10:07:49,62.54,0.07,110,687317,买盘
10:07:52,62.54,0.0,51,318824,买盘
10:07:55,62.5,-0.04,74,462690,中性盘
10:07:57,62.5,0.0,70,437490,买盘
10:08:00,62.5,0.0,104,650194,买盘
10:08:04,62.5,0.0,42,262521,买盘
10:08:06,62.5,0.0,42,262536,卖盘
10:08:10,62.5,0.0,122,762653,卖盘
10:08:13,62.53,0.03,75,468966,买盘
10:08:15,62.53,0.0,22,137557,买盘
10:08:18,62.53,0.0,71,443826,买盘
10:08:22,62.51,-0.02,160,1000403,卖盘
10:08:25,62.52,0.01,114,712600,买盘
10:08:27,62.51,-0.01,290,1812531,中性盘
10:08:30,62.5,-0.01,97,606261,卖盘
10:08:33,62.5,0.0,189,1181138,买盘
10:08:36,62.5,0.0,223,1393537,买盘
10:08:40,62.5,0.0,324,2024839,买盘
10:08:42,62.5,0.0,77,481201,买盘
10:08:46,62.48,-0.02,705,4405003,卖盘
10:08:49,62.47,-0.01,251,1567981,卖盘
10:08:52,62.48,0.01,186,1161884,买盘
10:08:55,62.47,-0.01,169,1055682,中性盘
10:08:58,62.46,-0.01,557,3479276,卖盘
10:09:00,62.46,0.0,42,262330,买盘
10:09:04,62.46,0.0,118,736950,买盘
10:09:06,62.46,0.0,165,1030469,买盘
10:09:10,62.46,0.0,245,1530232,买盘
10:09:12,62.47,0.01,179,1118009,买盘
10:09:15,62.46,-0.01,284,1773864,卖盘
10:09:19,62.46,0.0,342,2136151,卖盘
10:09:21,62.46,0.0,71,443444,买盘
10:09:24,62.45,-0.01,159,993078,卖盘
10:09:27,62.45,0.0,162,1011742,卖盘
10:09:30,62.45,0.0,119,743196,卖盘
10:09:33,62.45,0.0,62,387184,买盘
10:09:36,62.45,0.0,495,3090714,买盘
10:09:40,62.44,-0.01,65,405834,中性盘
10:09:43,62.43,-0.01,79,491209,卖盘
10:09:45,62.43,0.0,17,106145,卖盘
10:09:49,62.43,0.0,217,1356761,卖盘
10:09:52,62.41,-0.02,325,2028736,卖盘
10:09:55,62.41,0.0,150,936213,卖盘
10:09:57,62.44,0.03,462,2882465,买盘
10:10:00,62.44,0.0,353,2204133,卖盘
10:10:05,62.41,-0.03,293,1831266,卖盘
10:10:07,62.41,0.0,533,3326001,买盘
10:10:10,62.41,0.0,146,911379,买盘
10:10:12,62.41,0.0,101,630280,买盘
10:10:16,62.41,0.0,218,1360522,买盘
10:10:19,62.42,0.01,148,923706,买盘
10:10:21,62.41,-0.01,90,561699,卖盘
10:10:24,62.42,0.01,102,636605,中性盘
10:10:27,62.42,0.0,111,692787,买盘
10:10:30,62.41,-0.01,646,4031722,卖盘
10:10:34,62.41,0.0,188,1173335,买盘
10:10:37,62.4,-0.01,71,443130,卖盘
10:10:39,62.41,0.01,188,1173579,中性盘
10:10:43,62.41,0.0,220,1372882,买盘
10:10:46,62.4,-0.01,787,4910706,卖盘
10:10:49,62.4,0.0,229,1428922,买盘
10:10:52,62.4,0.0,78,486705,买盘
10:10:55,62.4,0.0,452,2820433,买盘
10:10:58,62.4,0.0,90,561643,卖盘
10:11:00,62.4,0.0,130,811226,卖盘
10:11:05,62.41,0.01,65,405706,卖盘
10:11:07,62.42,0.01,39,243426,买盘
10:11:09,62.44,0.02,40,249728,买盘
10:11:13,62.43,-0.01,24,149843,卖盘
10:11:15,62.44,0.01,180,1123888,买盘
10:11:19,62.42,-0.02,66,410049,卖盘
10:11:21,62.45,0.03,188,1174004,买盘
10:11:25,62.45,0.0,70,437094,买盘
10:11:28,62.45,0.0,62,387182,买盘
10:11:30,62.46,0.01,200,1248801,买盘
10:11:33,62.46,0.0,82,512293,买盘
10:11:36,62.46,0.0,68,424708,买盘
10:11:40,62.5,0.04,46,287332,买盘
10:11:43,62.49,-0.01,11,68745,卖盘
10:11:46,62.47,-0.02,14,87477,卖盘
10:11:49,62.5,0.03,43,268659,买盘
10:11:51,62.51,0.01,248,1550158,买盘
10:11:55,62.5,-0.01,10,62504,卖盘
10:11:57,62.52,0.02,29,181335,中性盘
10:12:01,62.54,0.02,98,612754,买盘
10:12:04,62.55,0.01,237,1481808,买盘
10:12:07,62.54,-0.01,54,337717,卖盘
10:12:09,62.55,0.01,235,1469579,买盘
10:12:12,62.54,-0.01,108,675455,买盘
10:12:16,62.56,0.02,303,1895095,买盘
10:12:19,62.52,-0.04,171,1069500,卖盘
10:12:22,62.54,0.02,46,287732,买盘
10:12:25,62.57,0.03,214,1338433,买盘
10:12:27,62.57,0.0,168,1051136,卖盘
10:12:30,62.59,0.02,63,394164,中性盘
10:12:33,62.58,-0.01,14,87614,中性盘
10:12:36,62.57,-0.01,47,294121,卖盘
10:12:40,62.6,0.03,205,1283094,买盘
10:12:43,62.6,0.0,90,563363,买盘
10:12:46,62.58,-0.02,120,751071,卖盘
10:12:49,62.59,0.01,140,876199,中性盘
10:12:52,62.6,0.01,629,3937502,买盘
10:12:55,62.59,-0.01,66,413128,卖盘
10:12:57,62.59,0.0,218,1364448,卖盘
10:13:00,62.61,0.02,450,2817457,买盘
10:13:05,62.62,0.01,126,788911,中性盘
10:13:07,62.62,0.0,126,788915,卖盘
10:13:10,62.65,0.03,261,1634560,买盘
10:13:12,62.61,-0.04,94,588634,卖盘
10:13:15,62.65,0.04,103,645133,买盘
10:13:19,62.66,0.01,37,231799,买盘
10:13:22,62.66,0.0,354,2216811,买盘
10:13:25,62.65,-0.01,66,413393,卖盘
10:13:28,62.66,0.01,135,845477,买盘
10:13:31,62.65,-0.01,81,507429,卖盘
10:13:34,62.66,0.01,137,858119,买盘
10:13:36,62.62,-0.04,204,1277961,卖盘
10:13:39,62.65,0.03,207,1296263,买盘
10:13:43,62.62,-0.03,132,826574,中性盘
10:13:46,62.65,0.03,107,670277,买盘
10:13:48,62.62,-0.03,196,1227664,卖盘
10:13:51,62.62,0.0,128,801584,卖盘
10:13:55,62.62,0.0,57,356980,卖盘
10:13:57,62.63,0.01,217,1358922,中性盘
10:14:00,62.62,-0.01,115,720205,卖盘
10:14:04,62.62,0.0,149,933264,卖盘
10:14:07,62.63,0.01,123,770340,中性盘
10:14:10,62.61,-0.02,99,619943,卖盘
10:14:13,62.62,0.01,71,444604,中性盘
10:14:15,62.63,0.01,84,526018,买盘
10:14:19,62.63,0.0,1118,7000031,买盘
10:14:22,62.59,-0.04,404,2529181,卖盘
10:14:24,62.6,0.01,191,1195574,中性盘
10:14:28,62.6,0.0,386,2416799,买盘
10:14:30,62.6,0.0,111,694802,买盘
10:14:34,62.59,-0.01,224,1402193,卖盘
10:14:36,62.55,-0.04,182,1138856,卖盘
10:14:39,62.6,0.05,77,481967,买盘
10:14:43,62.59,-0.01,328,2053290,卖盘
10:14:46,62.55,-0.04,47,294048,卖盘
10:14:49,62.58,0.03,146,913300,买盘
10:14:52,62.57,-0.01,66,412908,买盘
10:14:54,62.58,0.01,186,1163469,买盘
10:14:58,62.56,-0.02,49,306563,卖盘
10:15:00,62.56,0.0,83,519174,卖盘
10:15:04,62.56,0.0,154,963392,买盘
10:15:07,62.56,0.0,92,575556,卖盘
10:15:10,62.56,0.0,53,331525,卖盘
10:15:13,62.56,0.0,161,1007336,卖盘
10:15:16,62.56,0.0,193,1207243,买盘
10:15:19,62.54,-0.02,131,819416,卖盘
10:15:21,62.53,-0.01,174,1088274,卖盘
10:15:25,62.53,0.0,85,531581,卖盘
10:15:27,62.52,-0.01,209,1306905,卖盘
10:15:30,62.51,-0.01,91,568961,卖盘
10:15:33,62.51,0.0,100,625094,卖盘
10:15:37,62.5,-0.01,467,2918783,卖盘
10:15:40,62.5,0.0,311,1943813,卖盘
10:15:43,62.52,0.02,365,2281252,买盘
10:15:46,62.51,-0.01,450,2813670,中性盘
10:15:49,62.5,-0.01,224,1399905,卖盘
10:15:52,62.5,0.0,281,1755902,买盘
10:15:55,62.5,0.0,284,1774852,买盘
10:15:58,62.48,-0.02,305,1905733,卖盘
10:16:01,62.52,0.04,68,425014,买盘
10:16:04,62.48,-0.04,143,893618,卖盘
10:16:06,62.48,0.0,369,2307246,卖盘
10:16:09,62.49,0.01,167,1043744,卖盘
10:16:12,62.49,0.0,213,1330994,卖盘
10:16:16,62.5,0.01,85,531221,买盘
10:16:18,62.5,0.0,116,725000,卖盘
10:16:21,62.5,0.0,317,1981045,买盘
10:16:25,62.5,0.0,179,1118770,卖盘
10:16:27,62.5,0.0,407,2543751,卖盘
10:16:31,62.51,0.01,118,737528,买盘
10:16:33,62.51,0.0,145,906262,卖盘
10:16:37,62.51,0.0,54,337521,卖盘
10:16:40,62.51,0.0,163,1018870,卖盘
10:16:43,62.5,-0.01,87,543779,卖盘
10:16:46,62.5,0.0,116,725015,卖盘
10:16:49,62.5,0.0,441,2756346,卖盘
10:16:52,62.5,0.0,418,2612171,买盘
10:16:54,62.5,0.0,226,1412095,买盘
10:16:58,62.49,-0.01,198,1237415,中性盘
10:17:01,62.5,0.01,368,2299872,买盘
10:17:04,62.51,0.01,264,1650160,买盘
10:17:07,62.51,0.0,174,1087674,卖盘
10:17:10,62.51,0.0,80,500049,卖盘
10:17:12,62.51,0.0,234,1462550,买盘
10:17:16,62.51,0.0,84,525028,卖盘
10:17:18,62.5,-0.01,97,606222,卖盘
10:17:22,62.49,-0.01,62,387462,卖盘
10:17:24,62.49,0.0,378,2361918,买盘
10:17:28,62.5,0.01,76,474950,买盘
10:17:31,62.5,0.0,121,756112,卖盘
10:17:34,62.5,0.0,27,168739,买盘
10:17:36,62.5,0.0,95,593684,买盘
10:17:39,62.51,0.01,142,887383,买盘
10:17:42,62.5,-0.01,65,406254,卖盘
10:17:46,62.51,0.01,101,631237,买盘
10:17:48,62.5,-0.01,67,418727,卖盘
10:17:52,62.51,0.01,87,543724,买盘
10:17:54,62.5,-0.01,548,3426264,卖盘
10:17:58,62.5,0.0,60,374965,买盘
10:18:00,62.5,0.0,174,1087198,买盘
10:18:04,62.49,-0.01,38,237488,卖盘
10:18:07,62.48,-0.01,76,474923,卖盘
10:18:09,62.5,0.02,30,187492,买盘
10:18:13,62.49,-0.01,46,287450,卖盘
10:18:15,62.49,0.0,56,349897,买盘
10:18:18,62.5,0.01,398,2487424,买盘
10:18:22,62.49,-0.01,173,1081238,卖盘
10:18:25,62.5,0.01,131,818528,买盘
10:18:27,62.49,-0.01,95,593595,卖盘
10:18:30,62.48,-0.01,90,562370,卖盘
10:18:33,62.48,0.0,60,374874,买盘
10:18:37,62.48,0.0,51,318637,买盘
10:18:39,62.47,-0.01,68,424845,卖盘
10:18:43,62.5,0.03,89,556073,买盘
10:18:45,62.49,-0.01,29,181174,卖盘
10:18:49,62.49,0.0,43,268707,卖盘
10:18:51,62.5,0.01,49,306221,买盘
10:18:55,62.47,-0.03,184,1149613,卖盘
10:18:57,62.48,0.01,4,24992,中性盘
10:19:01,62.48,0.0,102,637262,买盘
10:19:04,62.48,0.0,52,324892,买盘
10:19:07,62.47,-0.01,57,356096,卖盘
10:19:09,62.48,0.01,30,187441,中性盘
10:19:13,62.48,0.0,89,556076,卖盘
10:19:16,62.48,0.0,71,443646,卖盘
10:19:19,62.48,0.0,74,462360,卖盘
10:19:21,62.5,0.02,346,2162307,买盘
10:19:24,62.5,0.0,108,675000,卖盘
10:19:28,62.48,-0.02,120,749915,卖盘
10:19:30,62.48,0.0,113,706072,卖盘
10:19:33,62.48,0.0,223,1393406,卖盘
10:19:36,62.5,0.02,66,412418,买盘
10:19:39,62.49,-0.01,55,343696,中性盘
10:19:43,62.49,0.0,12,74994,卖盘
10:19:46,62.49,0.0,663,4142132,卖盘
10:19:48,62.49,0.0,45,281218,卖盘
10:19:52,62.5,0.01,52,324956,买盘
10:19:55,62.5,0.0,51,318739,买盘
10:19:57,62.5,0.0,18,109374,买盘
10:20:00,62.5,0.0,49,306221,买盘
10:20:05,62.5,0.0,50,312473,买盘
10:20:07,62.48,-0.02,354,2212244,卖盘
10:20:10,62.5,0.02,29,181250,卖盘
10:20:13,62.51,0.01,113,706249,买盘
10:20:16,62.5,-0.01,39,243719,卖盘
10:20:18,62.5,0.0,150,937313,买盘
10:20:21,62.5,0.0,34,212470,买盘
10:20:25,62.5,0.0,156,974773,买盘
10:20:27,62.5,0.0,117,731166,买盘
10:20:30,62.51,0.01,79,493745,买盘
10:20:34,62.5,-0.01,26,162510,卖盘
10:20:37,62.51,0.01,24,150002,买盘
10:20:40,62.51,0.0,60,375001,买盘
10:20:43,62.5,-0.01,126,787532,卖盘
10:20:46,62.51,0.01,78,487556,买盘
10:20:49,62.5,-0.01,79,493784,卖盘
10:20:51,62.52,0.02,54,337526,买盘
10:20:55,62.51,-0.01,16,100016,卖盘
10:20:58,62.5,-0.01,56,350013,卖盘
10:21:00,62.51,0.01,38,237524,买盘
10:21:04,62.51,0.0,18,112523,卖盘
10:21:07,62.52,0.01,15,93768,买盘
10:21:10,62.51,-0.01,39,243781,卖盘
10:21:12,62.51,0.0,49,306319,卖盘
10:21:15,62.51,0.0,98,612545,买盘
10:21:19,62.5,-0.01,91,568796,卖盘
10:21:22,62.51,0.01,160,1000029,买盘
10:21:25,62.49,-0.02,127,793796,卖盘
10:21:27,62.51,0.02,89,556233,买盘
10:21:31,62.51,0.0,181,1131282,买盘
10:21:34,62.5,-0.01,54,337514,卖盘
10:21:37,62.51,0.01,67,418774,买盘
10:21:40,62.51,0.0,27,168758,买盘
10:21:42,62.5,-0.01,30,187512,卖盘
10:21:46,62.5,0.0,35,218753,卖盘
10:21:48,62.51,0.01,40,250014,买盘
10:21:51,62.51,0.0,16,100005,买盘
10:21:55,62.5,-0.01,72,450023,卖盘
10:21:57,62.5,0.0,44,275008,卖盘
10:22:00,62.5,0.0,48,300003,买盘
10:22:04,62.5,0.0,85,531261,卖盘
10:22:07,62.5,0.0,135,843773,买盘
10:22:10,62.51,0.01,84,524953,买盘
10:22:12,62.5,-0.01,101,631250,卖盘
10:22:15,62.51,0.01,115,718705,买盘
10:22:19,62.5,-0.01,12,74999,卖盘
10:22:22,62.5,0.0,33,206250,买盘
10:22:24,62.5,0.0,96,600012,买盘
10:22:28,62.49,-0.01,195,1218552,卖盘
10:22:30,62.49,0.0,36,224957,买盘
10:22:34,62.5,0.01,95,593711,买盘
10:22:37,62.51,0.01,20,125001,买盘
10:22:39,62.49,-0.02,137,856223,卖盘
10:22:43,62.51,0.02,85,531297,买盘
10:22:46,62.49,-0.02,33,206229,卖盘
10:22:48,62.49,0.0,15,93745,买盘
10:22:52,62.49,0.0,42,262471,卖盘
10:22:55,62.49,0.0,15,93741,卖盘
10:22:58,62.5,0.01,6,37497,买盘
10:23:00,62.5,0.0,142,887382,买盘
10:23:04,62.49,-0.01,40,249996,卖盘
10:23:06,62.5,0.01,45,281242,买盘
10:23:10,62.5,0.0,47,293750,卖盘
10:23:12,62.5,0.0,15,93754,卖盘
10:23:16,62.51,0.01,115,718759,买盘
10:23:19,62.49,-0.02,49,306253,卖盘
10:23:22,62.49,0.0,57,356213,卖盘
10:23:25,62.5,0.01,57,356192,买盘
10:23:27,62.48,-0.02,47,293680,卖盘
10:23:30,62.49,0.01,22,137478,买盘
10:23:33,62.49,0.0,17,106231,买盘
10:23:37,62.49,0.0,10,62487,买盘
10:23:39,62.49,0.0,19,118727,买盘
10:23:42,62.48,-0.01,220,1374660,卖盘
10:23:46,62.49,0.01,80,499852,买盘
10:23:49,62.48,-0.01,74,462360,卖盘
10:23:51,62.48,0.0,66,412369,卖盘
10:23:54,62.48,0.0,25,156200,买盘
10:23:57,62.48,0.0,59,368598,买盘
10:24:00,62.48,0.0,30,187437,买盘
10:24:04,62.48,0.0,80,499834,买盘
10:24:06,62.47,-0.01,39,243664,卖盘
10:24:10,62.49,0.02,41,256156,买盘
10:24:12,62.47,-0.02,136,849707,卖盘
10:24:16,62.49,0.02,119,743621,买盘
10:24:18,62.47,-0.02,29,181195,卖盘
10:24:22,62.49,0.02,109,681005,买盘
10:24:24,62.48,-0.01,57,356099,中性盘
10:24:27,62.48,0.0,78,487328,卖盘
10:24:30,62.48,0.0,429,2680694,买盘
10:24:34,62.48,0.0,91,568623,买盘
10:24:36,62.48,0.0,54,337357,卖盘
10:24:39,62.48,0.0,60,374878,买盘
10:24:42,62.48,0.0,83,518655,卖盘
10:24:46,62.48,0.0,121,755961,买盘
10:24:48,62.48,0.0,27,168674,买盘
10:24:51,62.48,0.0,74,462313,买盘
10:24:55,62.48,0.0,73,456069,买盘
10:24:58,62.48,0.0,24,149952,买盘
10:25:01,62.5,0.02,79,493601,买盘
10:25:05,62.49,-0.01,8,49988,中性盘
10:25:06,62.49,0.0,73,456123,卖盘
10:25:09,62.49,0.0,10,62483,买盘
10:25:12,62.49,0.0,208,1299629,买盘
10:25:16,62.47,-0.02,75,468657,卖盘
10:25:18,62.49,0.02,201,1255808,买盘
10:25:22,62.49,0.0,62,387340,卖盘
10:25:24,62.49,0.0,30,187430,中性盘
10:25:28,62.48,-0.01,37,231181,卖盘
10:25:30,62.48,0.0,68,424889,卖盘
10:25:33,62.48,0.0,53,331140,买盘
10:25:36,62.48,0.0,49,306154,买盘
10:25:39,62.48,0.0,30,187427,卖盘
10:25:42,62.48,0.0,37,231175,卖盘
10:25:46,62.48,0.0,118,737269,买盘
10:25:49,62.47,-0.01,36,224923,卖盘
10:25:52,62.48,0.01,126,787141,买盘
10:25:55,62.47,-0.01,74,462341,卖盘
10:25:57,62.47,0.0,15,93717,卖盘
10:26:01,62.48,0.01,97,605975,买盘
10:26:04,62.48,0.0,65,406069,买盘
10:26:07,62.48,0.0,31,193688,买盘
10:26:09,62.48,0.0,184,1149524,卖盘
10:26:13,62.47,-0.01,42,262409,卖盘
10:26:15,62.47,0.0,116,727790,卖盘
10:26:18,62.49,0.02,322,2011500,买盘
10:26:22,62.46,-0.03,46,287344,卖盘
10:26:25,62.48,0.02,26,162407,买盘
10:26:28,62.48,0.0,30,187430,买盘
10:26:30,62.48,0.0,193,1205867,卖盘
10:26:34,62.48,0.0,24,149933,买盘
10:26:36,62.48,0.0,134,837233,买盘
10:26:39,62.48,0.0,28,174944,卖盘
10:26:43,62.48,0.0,56,349894,卖盘
10:26:46,62.48,0.0,361,2255978,卖盘
10:26:49,62.49,0.01,44,274963,卖盘
10:26:51,62.49,0.0,56,349944,卖盘
10:26:55,62.48,-0.01,64,399949,卖盘
10:26:58,62.49,0.01,15,93724,中性盘
10:27:00,62.49,0.0,54,337412,买盘
10:27:04,62.48,-0.01,36,224927,卖盘
10:27:06,62.47,-0.01,49,306105,卖盘
10:27:10,62.48,0.01,61,381087,买盘
10:27:13,62.47,-0.01,62,387355,卖盘
10:27:15,62.47,0.0,23,143688,卖盘
10:27:19,62.48,0.01,162,1012069,买盘
10:27:22,62.47,-0.01,72,449847,卖盘
10:27:25,62.47,0.0,114,712199,卖盘
10:27:27,62.48,0.01,32,199912,买盘
10:27:30,62.48,0.0,138,862083,买盘
10:27:34,62.48,0.0,37,231158,买盘
10:27:36,62.48,0.0,69,431103,买盘
10:27:39,62.48,0.0,68,424859,买盘
10:27:42,62.48,0.0,26,162448,买盘
10:27:46,62.48,0.0,42,262416,卖盘
10:27:49,62.48,0.0,51,318659,卖盘
10:27:51,62.49,0.01,105,656045,买盘
10:27:55,62.48,-0.01,58,362384,卖盘
10:27:57,62.48,0.0,116,724833,卖盘
10:28:01,62.49,0.01,43,268697,买盘
10:28:05,62.48,-0.01,147,918556,卖盘
10:28:07,62.48,0.0,53,331181,卖盘
10:28:09,62.49,0.01,26,162460,买盘
10:28:13,62.49,0.0,24,149964,买盘
10:28:15,62.48,-0.01,32,199947,卖盘
10:28:19,62.49,0.01,48,299937,买盘
10:28:22,62.49,0.0,40,249946,买盘
10:28:25,62.48,-0.01,29,181216,卖盘
10:28:28,62.49,0.01,56,349900,买盘
10:28:31,62.49,0.0,97,606127,买盘
10:28:34,62.49,0.0,28,174958,买盘
10:28:37,62.48,-0.01,127,793502,卖盘
10:28:39,62.48,0.0,151,943569,卖盘
10:28:43,62.48,0.0,48,299912,卖盘
10:28:46,62.48,0.0,138,862151,买盘
10:28:49,62.47,-0.01,580,3623021,卖盘
10:28:51,62.46,-0.01,624,3896864,卖盘
10:28:54,62.46,0.0,62,387230,买盘
10:28:58,62.46,0.0,44,274757,买盘
10:29:01,62.46,0.0,31,193571,买盘
10:29:05,62.46,0.0,66,412136,买盘
10:29:07,62.45,-0.01,54,337219,卖盘
10:29:10,62.45,0.0,81,505906,卖盘
10:29:13,62.45,0.0,169,1055472,卖盘
10:29:15,62.45,0.0,145,905589,卖盘
10:29:19,62.45,0.0,68,424665,卖盘
10:29:22,62.45,0.0,155,968018,卖盘
10:29:25,62.45,0.0,48,299774,卖盘
10:29:27,62.46,0.01,36,224852,买盘
10:29:31,62.46,0.0,86,537094,买盘
10:29:33,62.46,0.0,168,1049165,买盘
10:29:36,62.46,0.0,54,337239,卖盘
10:29:39,62.46,0.0,267,1667418,买盘
10:29:42,62.46,0.0,42,262332,买盘
10:29:45,62.46,0.0,144,899361,卖盘
10:29:49,62.46,0.0,24,149902,卖盘
10:29:51,62.44,-0.02,41,256029,卖盘
10:29:55,62.44,0.0,86,537164,卖盘
10:29:57,62.46,0.02,117,730558,买盘
10:30:01,62.45,-0.01,24,149864,买盘
10:30:04,62.45,0.0,16,99905,买盘
10:30:07,62.44,-0.01,330,2060536,卖盘
10:30:09,62.45,0.01,104,649404,买盘
10:30:13,62.43,-0.02,205,1279909,卖盘
10:30:15,62.44,0.01,162,1011300,买盘
10:30:19,62.44,0.0,203,1267297,卖盘
10:30:21,62.42,-0.02,61,380824,卖盘
10:30:25,62.44,0.02,101,630524,买盘
10:30:28,62.43,-0.01,72,449496,卖盘
10:30:31,62.42,-0.01,100,626276,卖盘
10:30:34,62.42,0.0,204,1271319,买盘
10:30:36,62.42,0.0,69,430711,卖盘
10:30:40,62.43,0.01,7,43696,买盘
10:30:42,62.43,0.0,51,318369,买盘
10:30:46,62.41,-0.02,93,582423,卖盘
10:30:48,62.41,0.0,42,262136,卖盘
10:30:51,62.42,0.01,93,578452,买盘
10:30:55,62.42,0.0,30,189264,卖盘
10:30:57,62.42,0.0,67,418166,买盘
10:31:01,62.42,0.0,54,337029,买盘
10:31:04,62.42,0.0,32,199741,买盘
10:31:07,62.42,0.0,29,181006,买盘
10:31:09,62.42,0.0,91,567977,买盘
10:31:13,62.41,-0.01,62,386964,卖盘
10:31:15,62.41,0.0,58,362013,卖盘
10:31:18,62.41,0.0,109,680286,卖盘
10:31:21,62.42,0.01,13,81146,买盘
10:31:24,62.42,0.0,67,418158,买盘
10:31:27,62.42,0.0,224,1397996,买盘
10:31:31,62.41,-0.01,48,299594,卖盘
10:31:34,62.41,0.0,51,318303,卖盘
10:31:36,62.41,0.0,20,124822,卖盘
10:31:40,62.41,0.0,272,1697610,卖盘
10:31:42,62.41,0.0,25,156031,卖盘
10:31:46,62.42,0.01,34,212198,买盘
10:31:49,62.42,0.0,56,349508,买盘
10:31:52,62.42,0.0,54,337021,买盘
10:31:54,62.41,-0.01,38,237184,卖盘
10:31:58,62.41,0.0,20,124825,卖盘
10:32:01,62.42,0.01,155,967377,买盘
10:32:05,62.41,-0.01,154,961114,卖盘
10:32:06,62.41,0.0,50,312045,买盘
10:32:09,62.41,0.0,46,287077,买盘
10:32:12,62.4,-0.01,68,424377,卖盘
10:32:16,62.41,0.01,63,393173,买盘
10:32:19,62.41,0.0,13,81129,买盘
10:32:21,62.42,0.01,216,1347883,买盘
10:32:24,62.41,-0.01,10,62410,卖盘
10:32:28,62.41,0.0,179,1117139,卖盘
10:32:31,62.41,0.0,413,2577268,卖盘
10:32:33,62.41,0.0,966,6027846,买盘
10:32:36,62.4,-0.01,465,2901615,卖盘
10:32:40,62.4,0.0,128,798655,卖盘
10:32:43,62.41,0.01,81,505391,买盘
10:32:45,62.41,0.0,110,686361,买盘
10:32:48,62.4,-0.01,65,405589,卖盘
10:32:52,62.38,-0.02,55,343166,卖盘
10:32:55,62.39,0.01,64,399277,买盘
10:32:57,62.39,0.0,35,218362,买盘
10:33:01,62.39,0.0,44,274548,卖盘
10:33:04,62.39,0.0,81,505361,卖盘
10:33:06,62.38,-0.01,760,4739149,卖盘
10:33:09,62.38,0.0,207,1291160,买盘
10:33:12,62.37,-0.01,45,280686,卖盘
10:33:16,62.38,0.01,75,467800,买盘
10:33:18,62.37,-0.01,115,717262,卖盘
10:33:22,62.38,0.01,72,449101,买盘
10:33:24,62.38,0.0,124,773422,买盘
10:33:27,62.38,0.0,80,496034,买盘
10:33:31,62.38,0.0,619,3861197,买盘
10:33:34,62.37,-0.01,107,667374,卖盘
10:33:37,62.37,0.0,140,873207,卖盘
10:33:40,62.37,0.0,103,642443,卖盘
10:33:42,62.37,0.0,91,567639,卖盘
10:33:45,62.38,0.01,53,330574,买盘
10:33:48,62.37,-0.01,41,255718,卖盘
10:33:52,62.37,0.0,62,386714,卖盘
10:33:54,62.38,0.01,171,1066679,买盘
10:33:58,62.37,-0.01,297,1852506,卖盘
10:34:01,62.37,0.0,79,492740,卖盘
10:34:04,62.37,0.0,47,293130,买盘
10:34:07,62.37,0.0,58,361731,买盘
10:34:10,62.37,0.0,65,405379,买盘
10:34:12,62.37,0.0,164,1022982,卖盘
10:34:15,62.37,0.0,106,661058,卖盘
10:34:19,62.37,0.0,61,380459,买盘
10:34:22,62.37,0.0,23,143448,买盘
10:34:24,62.37,0.0,67,417884,卖盘
10:34:28,62.37,0.0,98,611241,卖盘
10:34:30,62.38,0.01,43,268198,买盘
10:34:33,62.37,-0.01,1261,7862797,卖盘
10:34:37,62.34,-0.03,216,1348336,卖盘
10:34:39,62.33,-0.01,318,1982892,卖盘
10:34:43,62.37,0.04,42,261838,中性盘
10:34:46,62.34,-0.03,55,342964,卖盘
10:34:48,62.33,-0.01,296,1844990,卖盘
10:34:51,62.33,0.0,98,610797,买盘
10:34:55,62.34,0.01,71,442520,买盘
10:34:58,62.33,-0.01,45,280492,卖盘
10:35:01,62.34,0.01,17,105969,买盘
10:35:04,62.33,-0.01,162,1009801,卖盘
10:35:07,62.34,0.01,49,305437,买盘
10:35:09,62.34,0.0,103,642029,买盘
10:35:13,62.34,0.0,220,1371314,买盘
10:35:15,62.34,0.0,156,972479,买盘
10:35:19,62.34,0.0,67,417678,卖盘
10:35:21,62.35,0.01,26,162089,买盘
10:35:24,62.34,-0.01,124,773132,卖盘
10:35:28,62.35,0.01,40,249366,买盘
10:35:30,62.35,0.0,52,322309,买盘
10:35:34,62.35,0.0,73,455157,买盘
10:35:36,62.35,0.0,50,311725,卖盘
10:35:40,62.35,0.0,70,436446,卖盘
10:35:43,62.35,0.0,53,330477,卖盘
10:35:45,62.35,0.0,20,124711,卖盘
10:35:49,62.36,0.01,50,311785,中性盘
10:35:52,62.37,0.01,38,236986,买盘
10:35:55,62.37,0.0,26,162170,卖盘
10:35:58,62.38,0.01,72,453682,买盘
10:36:00,62.36,-0.02,85,530174,卖盘
10:36:04,62.39,0.03,38,237030,买盘
10:36:07,62.39,0.0,10,62377,买盘
10:36:10,62.4,0.01,18,112303,买盘
10:36:13,62.39,-0.01,50,311947,卖盘
10:36:15,62.39,0.0,13,81099,买盘
10:36:18,62.4,0.01,16,99828,买盘
10:36:22,62.4,0.0,45,280755,买盘
10:36:24,62.39,-0.01,52,324423,卖盘
10:36:28,62.38,-0.01,103,642630,卖盘
10:36:30,62.4,0.02,69,430468,买盘
10:36:34,62.4,0.0,34,212124,买盘
10:36:37,62.4,0.0,18,112311,买盘
10:36:40,62.39,-0.01,132,823485,卖盘
10:36:43,62.38,-0.01,86,536602,卖盘
10:36:46,62.39,0.01,40,249583,中性盘
10:36:48,62.4,0.01,48,299459,买盘
10:36:51,62.4,0.0,33,205900,买盘
10:36:55,62.38,-0.02,60,374367,卖盘
10:36:57,62.38,0.0,50,311937,卖盘
10:37:01,62.4,0.02,52,324425,买盘
10:37:04,62.4,0.0,49,305682,买盘
10:37:07,62.39,-0.01,14,87350,卖盘
10:37:10,62.4,0.01,158,986032,买盘
10:37:12,62.42,0.02,36,224654,买盘
10:37:15,62.4,-0.02,125,780004,卖盘
10:37:19,62.4,0.0,26,162248,卖盘
10:37:22,62.4,0.0,327,2040323,卖盘
10:37:25,62.42,0.02,61,380677,买盘
10:37:28,62.42,0.0,27,168498,买盘
10:37:31,62.41,-0.01,114,711477,卖盘
10:37:34,62.41,0.0,471,2938364,买盘
10:37:36,62.41,0.0,56,349397,买盘
10:37:39,62.41,0.0,41,255857,买盘
10:37:43,62.41,0.0,72,449323,买盘
10:37:45,62.41,0.0,15,93614,买盘
10:37:49,62.41,0.0,25,156040,卖盘
10:37:52,62.42,0.01,43,268400,买盘
10:37:55,62.41,-0.01,63,393230,卖盘
10:37:58,62.41,0.0,54,337051,卖盘
10:38:00,62.42,0.01,25,156046,买盘
10:38:04,62.42,0.0,19,118596,卖盘
10:38:07,62.42,0.0,3,18726,卖盘
10:38:10,62.43,0.01,18,112367,买盘
10:38:13,62.43,0.0,105,655511,买盘
10:38:16,62.43,0.0,57,355851,卖盘
10:38:19,62.45,0.02,33,206049,买盘
10:38:22,62.45,0.0,27,168577,买盘
10:38:25,62.45,0.0,33,206077,买盘
10:38:27,62.43,-0.02,120,749176,卖盘
10:38:30,62.45,0.02,65,405867,买盘
10:38:34,62.45,0.0,68,424604,买盘
10:38:37,62.45,0.0,66,412163,买盘
10:38:40,62.45,0.0,25,156126,卖盘
10:38:42,62.46,0.01,30,187367,买盘
10:38:46,62.46,0.0,47,293526,买盘
10:38:48,62.46,0.0,28,174876,买盘
10:38:52,62.45,-0.01,43,268568,卖盘
10:38:54,62.46,0.01,27,168634,中性盘
10:38:57,62.47,0.01,101,630861,买盘
10:39:01,62.47,0.0,23,143668,买盘
10:39:04,62.47,0.0,27,168651,买盘
10:39:07,62.48,0.01,529,3304881,买盘
10:39:10,62.47,-0.01,80,499723,卖盘
10:39:12,62.48,0.01,78,487365,买盘
10:39:16,62.48,0.0,43,268646,买盘
10:39:18,62.48,0.0,17,106210,买盘
10:39:21,62.48,0.0,38,237420,买盘
10:39:25,62.48,0.0,22,137452,买盘
10:39:28,62.48,0.0,12,74974,买盘
10:39:31,62.48,0.0,34,212412,买盘
10:39:33,62.48,0.0,228,1424686,买盘
10:39:37,62.48,0.0,51,318648,卖盘
10:39:39,62.5,0.02,146,912358,买盘
10:39:43,62.5,0.0,27,168755,卖盘
10:39:45,62.51,0.01,10,62506,买盘
10:39:48,62.5,-0.01,73,456288,卖盘
10:39:52,62.52,0.02,29,181292,买盘
10:39:55,62.51,-0.01,3,18753,卖盘
10:39:58,62.52,0.01,18,112532,买盘
10:40:01,62.52,0.0,32,200057,买盘
10:40:04,62.52,0.0,4,25008,卖盘
10:40:07,62.53,0.01,9,56274,买盘
10:40:10,62.53,0.0,24,150063,买盘
10:40:12,62.53,0.0,55,343892,买盘
10:40:16,62.52,-0.01,55,343906,卖盘
10:40:19,62.52,0.0,23,143799,卖盘
10:40:22,62.53,0.01,76,475226,买盘
10:40:24,62.53,0.0,109,681518,买盘
10:40:27,62.53,0.0,51,318902,买盘
10:40:31,62.53,0.0,37,231371,卖盘
10:40:34,62.54,0.01,25,156330,买盘
10:40:37,62.54,0.0,33,206366,买盘
10:40:40,62.53,-0.01,38,237645,卖盘
10:40:42,62.54,0.01,29,181359,买盘
10:40:45,62.54,0.0,45,281432,卖盘
10:40:49,62.55,0.01,11,68797,买盘
10:40:52,62.58,0.03,128,800720,买盘
10:40:55,62.59,0.01,51,319193,买盘
10:40:58,62.59,0.0,30,187764,买盘
10:41:01,62.59,0.0,11,68853,中性盘
10:41:04,62.55,-0.04,130,813589,卖盘
10:41:07,62.55,0.0,33,206490,卖盘
10:41:10,62.58,0.03,30,187768,中性盘
10:41:13,62.59,0.01,33,206501,买盘
10:41:16,62.59,0.0,15,93866,中性盘
10:41:18,62.59,0.0,19,118893,买盘
10:41:21,62.59,0.0,30,187768,买盘
10:41:25,62.59,0.0,28,175234,买盘
10:41:28,62.59,0.0,22,137689,买盘
10:41:31,62.58,-0.01,36,225249,买盘
10:41:34,62.6,0.02,508,3179301,买盘
10:41:36,62.58,-0.02,122,763406,买盘
10:41:39,62.58,0.0,64,400383,卖盘
10:41:43,62.58,0.0,43,269109,卖盘
10:41:46,62.59,0.01,38,237798,买盘
10:41:49,62.59,0.0,14,87618,买盘
10:41:52,62.6,0.01,233,1458529,买盘
10:41:55,62.59,-0.01,45,281662,卖盘
10:41:58,62.6,0.01,47,294205,买盘
10:42:01,62.61,0.01,22,137734,买盘
10:42:04,62.6,-0.01,27,169043,卖盘
10:42:06,62.6,0.0,59,369380,卖盘
10:42:09,62.61,0.01,19,118953,买盘
10:42:12,62.61,0.0,31,194096,卖盘
10:42:15,62.61,0.0,88,550899,买盘
10:42:19,62.6,-0.01,12,75120,卖盘
10:42:21,62.59,-0.01,428,2678909,卖盘
10:42:25,62.55,-0.04,220,1376660,卖盘
10:42:27,62.55,0.0,191,1195083,卖盘
10:42:31,62.58,0.03,46,287751,买盘
10:42:34,62.57,-0.01,94,588006,卖盘
10:42:37,62.57,0.0,117,731889,买盘
10:42:39,62.55,-0.02,31,193917,卖盘
10:42:43,62.58,0.03,40,250267,买盘
10:42:45,62.58,0.0,85,531859,买盘
10:42:49,62.58,0.0,56,350334,卖盘
10:42:51,62.58,0.0,38,237798,卖盘
10:42:54,62.56,-0.02,47,294022,卖盘
10:42:57,62.56,0.0,24,150137,买盘
10:43:01,62.56,0.0,190,1188482,买盘
10:43:04,62.56,0.0,83,519196,买盘
10:43:07,62.55,-0.01,28,175149,卖盘
10:43:09,62.56,0.01,67,419101,买盘
10:43:12,62.55,-0.01,41,256485,卖盘
10:43:16,62.56,0.01,28,175164,卖盘
10:43:19,62.55,-0.01,81,506701,卖盘
10:43:22,62.56,0.01,14,87589,中性盘
10:43:25,62.57,0.01,52,325343,买盘
10:43:28,62.57,0.0,28,175196,卖盘
10:43:30,62.58,0.01,23,143881,买盘
10:43:34,62.58,0.0,156,976204,买盘
10:43:37,62.57,-0.01,73,456643,卖盘
10:43:40,62.57,0.0,17,106362,买盘
10:43:42,62.58,0.01,20,125151,买盘
10:43:45,62.56,-0.02,146,913618,卖盘
10:43:48,62.55,-0.01,165,1032421,卖盘
10:43:52,62.59,0.04,34,212781,中性盘
10:43:54,62.58,-0.01,48,300384,卖盘
10:43:57,62.59,0.01,18,112654,买盘
10:44:00,62.59,0.0,17,106393,买盘
10:44:04,62.58,-0.01,36,225320,卖盘
10:44:07,62.6,0.02,19,118918,买盘
10:44:10,62.59,-0.01,18,112661,买盘
10:44:13,62.6,0.01,18,112668,买盘
10:44:15,62.6,0.0,24,150237,买盘
10:44:18,62.6,0.0,28,175280,卖盘
10:44:21,62.59,-0.01,12,75116,卖盘
10:44:24,62.6,0.01,65,406845,买盘
10:44:28,62.59,-0.01,50,312950,卖盘
10:44:31,62.59,0.0,27,168986,买盘
10:44:33,62.58,-0.01,55,344208,卖盘
10:44:37,62.58,0.0,37,231554,卖盘
10:44:39,62.58,0.0,72,450631,卖盘
10:44:43,62.58,0.0,180,1126456,卖盘
10:44:46,62.59,0.01,176,1101543,中性盘
10:44:48,62.59,0.0,23,143929,卖盘
10:44:51,62.6,0.01,24,150218,买盘
10:44:55,62.59,-0.01,22,137690,卖盘
10:44:57,62.57,-0.02,57,356691,卖盘
10:45:00,62.59,0.02,33,206539,买盘
10:45:04,62.57,-0.02,30,187735,卖盘
10:45:06,62.6,0.03,82,513228,买盘
10:45:09,62.57,-0.03,32,200241,卖盘
10:45:13,62.58,0.01,65,406783,中性盘
10:45:16,62.58,0.0,60,375522,卖盘
10:45:18,62.58,0.0,11,68848,卖盘
10:45:21,62.6,0.02,95,594693,买盘
10:45:24,62.59,-0.01,26,162741,卖盘
10:45:28,62.57,-0.02,213,1332807,卖盘
10:45:30,62.59,0.02,48,300399,买盘
10:45:34,62.59,0.0,145,907506,买盘
10:45:36,62.59,0.0,29,181459,买盘
10:45:39,62.57,-0.02,22,137686,卖盘
10:45:43,62.59,0.02,14,87615,买盘
10:45:46,62.6,0.01,111,694774,买盘
10:45:49,62.59,-0.01,12,75107,中性盘
10:45:51,62.58,-0.01,148,926290,卖盘
10:45:54,62.6,0.02,499,3123222,买盘
10:45:58,62.61,0.01,85,532108,买盘
10:46:01,62.61,0.0,63,394390,买盘
10:46:04,62.58,-0.03,94,588284,卖盘
10:46:07,62.58,0.0,20,125144,买盘
10:46:10,62.58,0.0,42,262827,买盘
10:46:13,62.58,0.0,16,100122,买盘
10:46:16,62.57,-0.01,134,838480,卖盘
10:46:18,62.59,0.02,21,131414,买盘
10:46:21,62.59,0.0,27,168996,卖盘
10:46:24,62.59,0.0,27,168976,卖盘
10:46:28,62.57,-0.02,61,381773,卖盘
10:46:31,62.58,0.01,74,463079,买盘
10:46:34,62.58,0.0,351,2197029,卖盘
10:46:37,62.58,0.0,104,650769,买盘
10:46:40,62.58,0.0,58,362953,买盘
10:46:43,62.59,0.01,54,337858,买盘
10:46:45,62.56,-0.03,30,187725,卖盘
10:46:49,62.56,0.0,58,362895,卖盘
10:46:51,62.58,0.02,46,287790,买盘
10:46:55,62.56,-0.02,27,168913,卖盘
10:46:57,62.56,0.0,73,456706,卖盘
10:47:00,62.56,0.0,33,206448,买盘
10:47:04,62.56,0.0,48,300274,买盘
10:47:06,62.56,0.0,63,394067,买盘
10:47:10,62.56,0.0,31,193916,买盘
10:47:13,62.54,-0.02,23,143872,卖盘
10:47:16,62.55,0.01,24,150133,中性盘
10:47:19,62.55,0.0,19,118849,买盘
10:47:22,62.55,0.0,22,137602,买盘
10:47:25,62.54,-0.01,22,137591,卖盘
10:47:28,62.54,0.0,97,606650,卖盘
10:47:30,62.54,0.0,31,193861,买盘
10:47:34,62.54,0.0,33,206358,买盘
10:47:36,62.54,0.0,59,368971,买盘
10:47:40,62.53,-0.01,19,118817,卖盘
10:47:42,62.54,0.01,38,237635,买盘
10:47:45,62.54,0.0,34,212630,买盘
10:47:48,62.54,0.0,34,212612,买盘
10:47:52,62.54,0.0,38,237638,买盘
10:47:55,62.54,0.0,32,200099,买盘
10:47:58,62.54,0.0,32,200099,买盘
10:48:00,62.53,-0.01,275,1719611,卖盘
10:48:04,62.54,0.01,120,750435,买盘
10:48:07,62.52,-0.02,31,193848,卖盘
10:48:10,62.53,0.01,20,125057,买盘
10:48:13,62.52,-0.01,30,187577,卖盘
10:48:15,62.52,0.0,41,256368,卖盘
10:48:18,62.53,0.01,49,306391,买盘
10:48:22,62.53,0.0,34,212610,卖盘
10:48:24,62.52,-0.01,24,150060,卖盘
10:48:28,62.52,0.0,12,75024,卖盘
10:48:31,62.52,0.0,33,206322,卖盘
10:48:33,62.52,0.0,109,681469,卖盘
10:48:37,62.53,0.01,30,187551,买盘
10:48:40,62.51,-0.02,6,37509,卖盘
10:48:42,62.51,0.0,40,250052,卖盘
10:48:45,62.51,0.0,12,75014,卖盘
10:48:49,62.52,0.01,74,462592,买盘
10:48:52,62.5,-0.02,22,137508,卖盘
10:48:55,62.52,0.02,12,75007,买盘
10:48:57,62.51,-0.01,29,181255,卖盘
10:49:00,62.51,0.0,81,506270,买盘
10:49:04,62.51,0.0,47,293767,买盘
10:49:06,62.51,0.0,213,1331456,买盘
10:49:09,62.5,-0.01,52,325010,卖盘
10:49:13,62.51,0.01,229,1427038,买盘
10:49:15,62.5,-0.01,64,400013,卖盘
10:49:18,62.52,0.02,217,1357046,买盘
10:49:22,62.51,-0.01,33,206285,卖盘
10:49:24,62.51,0.0,11,68761,卖盘
10:49:27,62.5,-0.01,7,43755,卖盘
10:49:31,62.52,0.02,28,175048,买盘
10:49:34,62.5,-0.02,32,200029,卖盘
10:49:37,62.51,0.01,64,400232,中性盘
10:49:39,62.5,-0.01,129,806322,卖盘
10:49:42,62.5,0.0,37,231263,卖盘
10:49:45,62.5,0.0,18,112505,卖盘
10:49:49,62.5,0.0,27,168767,卖盘
10:49:52,62.52,0.02,47,293800,买盘
10:49:55,62.49,-0.03,171,1068780,卖盘
10:49:58,62.5,0.01,13,81255,卖盘
10:50:00,62.5,0.0,22,137503,买盘
10:50:04,62.45,-0.05,331,2068239,卖盘
10:50:07,62.5,0.05,170,1061753,卖盘
10:50:10,62.47,-0.03,20,124947,卖盘
10:50:13,62.51,0.04,27,168737,买盘
10:50:15,62.45,-0.06,531,3321731,卖盘
10:50:18,62.45,0.0,117,730593,买盘
10:50:21,62.43,-0.02,64,399615,卖盘
10:50:25,62.43,0.0,183,1142572,卖盘
10:50:27,62.45,0.02,30,187326,中性盘
10:50:30,62.43,-0.02,42,262219,卖盘
10:50:34,62.41,-0.02,199,1242177,卖盘
10:50:37,62.42,0.01,67,418240,卖盘
10:50:40,62.45,0.03,10,62433,中性盘
10:50:43,62.43,-0.02,18,112443,卖盘
10:50:46,62.42,-0.01,250,1560802,卖盘
10:50:48,62.43,0.01,65,406002,卖盘
10:50:51,62.43,0.0,32,199790,买盘
10:50:55,62.45,0.02,202,1261013,买盘
10:50:57,62.43,-0.02,17,106131,卖盘
10:51:01,62.44,0.01,45,280936,买盘
10:51:04,62.43,-0.01,17,106131,卖盘
10:51:07,62.45,0.02,245,1529570,买盘
10:51:10,62.45,0.0,53,330970,卖盘
10:51:12,62.45,0.0,21,131153,卖盘
10:51:15,62.47,0.02,158,986506,买盘
10:51:18,62.48,0.01,41,256168,卖盘
10:51:21,62.48,0.0,78,487355,卖盘
10:51:25,62.49,0.01,318,1985833,买盘
10:51:27,62.48,-0.01,68,424682,中性盘
10:51:31,62.45,-0.03,27,168634,卖盘
10:51:33,62.44,-0.01,34,212313,卖盘
10:51:36,62.45,0.01,12,74918,买盘
10:51:40,62.5,0.05,355,2217651,买盘
10:51:43,62.5,0.0,205,1281254,卖盘
10:51:46,62.51,0.01,22,137501,买盘
10:51:48,62.51,0.0,40,250003,买盘
10:51:51,62.5,-0.01,28,175019,卖盘
10:51:55,62.51,0.01,293,1831263,买盘
10:51:58,62.5,-0.01,116,725034,卖盘
10:52:01,62.53,0.03,24,150035,买盘
10:52:05,62.5,-0.03,35,218772,卖盘
10:52:07,62.49,-0.01,77,481226,卖盘
10:52:10,62.49,0.0,24,149946,买盘
10:52:13,62.49,0.0,22,137464,买盘
10:52:15,62.46,-0.03,55,343568,卖盘
10:52:19,62.49,0.03,71,443646,买盘
10:52:22,62.49,0.0,31,193675,买盘
10:52:25,62.47,-0.02,12,74970,中性盘
10:52:28,62.46,-0.01,52,324797,卖盘
10:52:30,62.46,0.0,46,287355,卖盘
10:52:33,62.45,-0.01,82,512111,卖盘
10:52:36,62.46,0.01,210,1311516,买盘
10:52:40,62.45,-0.01,74,462148,卖盘
10:52:43,62.46,0.01,59,368485,买盘
10:52:45,62.45,-0.01,46,287286,卖盘
10:52:49,62.45,0.0,115,718175,卖盘
10:52:51,62.44,-0.01,75,468349,卖盘
10:52:54,62.43,-0.01,97,605609,卖盘
10:52:58,62.41,-0.02,143,892652,卖盘
10:53:01,62.44,0.03,92,574247,买盘
10:53:04,62.45,0.01,33,206023,买盘
10:53:07,62.44,-0.01,82,511914,卖盘
10:53:10,62.44,0.0,31,193543,买盘
10:53:13,62.44,0.0,216,1349035,卖盘
10:53:15,62.5,0.06,236,1474058,买盘
10:53:18,62.45,-0.05,95,593349,卖盘
10:53:22,62.5,0.05,36,224854,买盘
10:53:25,62.45,-0.05,7,43715,卖盘
10:53:27,62.48,0.03,4,24985,买盘
10:53:30,62.49,0.01,18,112462,买盘
10:53:34,62.49,0.0,12,74968,中性盘
10:53:37,62.49,0.0,146,912229,买盘
10:53:39,62.45,-0.04,20,124906,卖盘
10:53:43,62.48,0.03,7,43730,买盘
10:53:45,62.46,-0.02,45,281100,卖盘
10:53:49,62.46,0.0,67,418588,卖盘
10:53:51,62.48,0.02,40,249920,买盘
10:53:55,62.49,0.01,22,137471,买盘
10:53:58,62.49,0.0,5,31243,买盘
10:54:01,62.49,0.0,11,68738,买盘
10:54:04,62.49,0.0,124,774817,买盘
10:54:06,62.48,-0.01,70,437383,卖盘
10:54:10,62.48,0.0,89,556059,买盘
10:54:13,62.47,-0.01,28,174903,卖盘
10:54:15,62.47,0.0,14,87455,买盘
10:54:19,62.47,0.0,27,168668,买盘
10:54:21,62.46,-0.01,49,306062,卖盘
10:54:25,62.46,0.0,41,256107,卖盘
10:54:28,62.46,0.0,64,399758,卖盘
10:54:31,62.47,0.01,42,262360,买盘
10:54:33,62.46,-0.01,67,418482,卖盘
10:54:36,62.46,0.0,41,256062,买盘
10:54:39,62.46,0.0,78,487174,买盘
10:54:43,62.46,0.0,148,924294,买盘
10:54:45,62.46,0.0,26,162381,买盘
10:54:49,62.45,-0.01,134,836724,卖盘
10:54:52,62.45,0.0,68,424618,买盘
10:54:55,62.44,-0.01,52,324662,卖盘
10:54:57,62.43,-0.01,66,412091,卖盘
10:55:00,62.44,0.01,51,318412,中性盘
10:55:04,62.43,-0.01,120,749060,中性盘
10:55:07,62.42,-0.01,145,904991,卖盘
10:55:09,62.43,0.01,102,636615,买盘
10:55:13,62.4,-0.03,340,2121622,卖盘
10:55:16,62.4,0.0,598,3731527,卖盘
10:55:19,62.4,0.0,336,2096406,买盘
10:55:22,62.4,0.0,106,661375,卖盘
10:55:25,62.38,-0.02,57,355640,卖盘
10:55:27,62.42,0.04,130,811038,买盘
10:55:31,62.4,-0.02,65,405610,卖盘
10:55:33,62.41,0.01,72,449255,买盘
10:55:37,62.41,0.0,37,230874,卖盘
10:55:40,62.4,-0.01,15,93606,中性盘
10:55:43,62.41,0.01,9,56165,买盘
10:55:45,62.41,0.0,53,330725,买盘
10:55:49,62.4,-0.01,7,43681,卖盘
10:55:51,62.41,0.01,125,780113,买盘
10:55:55,62.41,0.0,239,1491388,买盘
10:55:58,62.42,0.01,26,162267,买盘
10:56:00,62.42,0.0,95,592861,买盘
10:56:04,62.42,0.0,59,368263,买盘
10:56:07,62.41,-0.01,25,156028,卖盘
10:56:10,62.42,0.01,11,68653,买盘
10:56:12,62.42,0.0,43,268384,买盘
10:56:16,62.42,0.0,68,424409,买盘
10:56:18,62.41,-0.01,26,162273,卖盘
10:56:21,62.4,-0.01,11,68648,卖盘
10:56:25,62.4,0.0,32,199690,卖盘
10:56:27,62.4,0.0,99,617844,卖盘
10:56:31,62.41,0.01,34,212176,买盘
10:56:34,62.4,-0.01,131,817442,卖盘
10:56:36,62.4,0.0,97,605314,卖盘
10:56:39,62.4,0.0,38,237126,卖盘
10:56:42,62.4,0.0,38,237112,买盘
10:56:45,62.41,0.01,43,268314,买盘
10:56:49,62.39,-0.02,164,1023227,卖盘
10:56:52,62.38,-0.01,52,324413,卖盘
10:56:55,62.4,0.02,28,174676,买盘
10:56:57,62.38,-0.02,26,162207,卖盘
10:57:01,62.39,0.01,30,187141,买盘
10:57:05,62.39,0.0,19,118538,卖盘
10:57:07,62.38,-0.01,68,424213,卖盘
10:57:10,62.39,0.01,39,243310,买盘
10:57:13,62.39,0.0,47,293227,买盘
10:57:15,62.39,0.0,23,143479,买盘
10:57:18,62.38,-0.01,28,174683,卖盘
10:57:21,62.39,0.01,106,661212,买盘
10:57:25,62.38,-0.01,66,411737,卖盘
10:57:28,62.38,0.0,55,343126,卖盘
10:57:31,62.39,0.01,21,131004,买盘
10:57:33,62.39,0.0,43,268246,买盘
10:57:37,62.39,0.0,78,486532,买盘
10:57:39,62.38,-0.01,27,168410,卖盘
10:57:42,62.38,0.0,12,74853,买盘
10:57:46,62.38,0.0,53,330623,卖盘
10:57:49,62.39,0.01,52,324379,买盘
10:57:52,62.38,-0.01,21,131006,卖盘
10:57:55,62.38,0.0,28,174667,卖盘
10:57:58,62.39,0.01,28,174689,买盘
10:58:01,62.39,0.0,20,124775,买盘
10:58:05,62.38,-0.01,48,299448,卖盘
10:58:07,62.38,0.0,229,1428550,卖盘
10:58:09,62.38,0.0,45,280711,卖盘
10:58:13,62.4,0.02,42,262030,买盘
10:58:16,62.38,-0.02,102,636356,卖盘
10:58:19,62.39,0.01,42,262022,买盘
10:58:22,62.39,0.0,14,87338,买盘
10:58:25,62.39,0.0,6,37434,卖盘
10:58:28,62.4,0.01,75,467922,买盘
10:58:30,62.39,-0.01,44,274545,卖盘
10:58:34,62.38,-0.01,25,155975,卖盘
10:58:36,62.38,0.0,26,162195,卖盘
10:58:39,62.38,0.0,42,262004,卖盘
10:58:43,62.39,0.01,26,162205,买盘
10:58:45,62.38,-0.01,34,212105,卖盘
10:58:49,62.38,0.0,60,374331,卖盘
10:58:52,62.39,0.01,15,93575,买盘
10:58:54,62.39,0.0,71,442934,买盘
10:58:58,62.39,0.0,27,168437,买盘
10:59:00,62.38,-0.01,52,324401,卖盘
10:59:04,62.39,0.01,68,424240,买盘
10:59:07,62.39,0.0,26,162196,买盘
10:59:10,62.39,0.0,75,467922,买盘
10:59:13,62.39,0.0,23,143502,卖盘
10:59:16,62.4,0.01,13,81112,买盘
10:59:19,62.4,0.0,25,155998,买盘
10:59:22,62.39,-0.01,23,143514,卖盘
10:59:25,62.39,0.0,37,230848,卖盘
10:59:28,62.4,0.01,108,673816,买盘
10:59:31,62.4,0.0,49,305738,买盘
10:59:33,62.39,-0.01,56,349392,卖盘
10:59:36,62.39,0.0,35,218371,卖盘
10:59:40,62.4,0.01,26,162225,买盘
10:59:42,62.4,0.0,23,143503,买盘
10:59:45,62.4,0.0,70,436750,买盘
10:59:49,62.39,-0.01,121,754919,卖盘
10:59:52,62.39,0.0,72,449193,买盘
10:59:55,62.38,-0.01,60,374312,卖盘
10:59:57,62.39,0.01,47,293220,买盘
11:00:01,62.39,0.0,51,318167,买盘
11:00:05,62.4,0.01,22,137266,买盘
11:00:07,62.39,-0.01,16,99834,卖盘
11:00:10,62.4,0.01,40,249576,买盘
11:00:12,62.39,-0.01,46,287009,卖盘
11:00:15,62.4,0.01,168,1048071,买盘
11:00:19,62.4,0.0,27,168461,买盘
11:00:21,62.38,-0.02,39,243337,卖盘
11:00:24,62.4,0.02,19,118542,买盘
11:00:27,62.4,0.0,37,230826,买盘
11:00:31,62.39,-0.01,32,199654,中性盘
11:00:34,62.4,0.01,62,384201,买盘
11:00:36,62.39,-0.01,19,118528,买盘
11:00:39,62.4,0.01,29,180919,买盘
11:00:42,62.38,-0.02,38,237073,卖盘
11:00:45,62.41,0.03,52,324491,买盘
11:00:48,62.4,-0.01,11,68640,卖盘
11:00:51,62.41,0.01,9,56165,买盘
11:00:54,62.4,-0.01,7,43683,卖盘
11:00:58,62.4,0.0,25,156003,卖盘
11:01:01,62.41,0.01,35,218433,买盘
11:01:04,62.41,0.0,27,168486,买盘
11:01:07,62.4,-0.01,34,212161,卖盘
11:01:10,62.41,0.01,29,180984,买盘
11:01:12,62.4,-0.01,112,698987,卖盘
11:01:15,62.41,0.01,18,112326,买盘
11:01:19,62.41,0.0,28,174727,买盘
11:01:21,62.41,0.0,20,124807,买盘
11:01:25,62.4,-0.01,89,555361,卖盘
11:01:28,62.41,0.01,42,262088,买盘
11:01:30,62.4,-0.01,98,611573,卖盘
11:01:34,62.4,0.0,30,187219,卖盘
11:01:36,62.39,-0.01,44,274559,卖盘
11:01:40,62.4,0.01,44,274551,买盘
11:01:43,62.41,0.01,106,661457,买盘
11:01:46,62.41,0.0,30,187231,卖盘
11:01:48,62.41,0.0,55,343260,卖盘
11:01:51,62.42,0.01,20,124830,买盘
11:01:55,62.41,-0.01,31,193472,卖盘
11:01:58,62.42,0.01,11,68659,买盘
11:02:00,62.41,-0.01,28,174754,卖盘
11:02:05,62.42,0.01,16,99862,买盘
11:02:07,62.42,0.0,71,443182,买盘
11:02:10,62.42,0.0,28,174771,卖盘
11:02:12,62.42,0.0,36,224717,卖盘
11:02:16,62.42,0.0,49,305870,卖盘
11:02:19,62.42,0.0,30,187273,卖盘
11:02:21,62.43,0.01,22,137334,买盘
11:02:24,62.42,-0.01,48,299640,卖盘
11:02:28,62.43,0.01,8,49939,买盘
11:02:30,62.43,0.0,28,174787,买盘
11:02:33,62.41,-0.02,159,992422,卖盘
11:02:37,62.42,0.01,59,368294,卖盘
11:02:40,62.43,0.01,58,362051,买盘
11:02:43,62.43,0.0,39,243462,买盘
11:02:46,62.43,0.0,44,274669,卖盘
11:02:48,62.41,-0.02,394,2459205,卖盘
11:02:52,62.41,0.0,50,312054,卖盘
11:02:55,62.41,0.0,31,193463,买盘
11:02:57,62.41,0.0,101,630300,买盘
11:03:01,62.44,0.03,29,181002,买盘
11:03:04,62.41,-0.03,12,74892,卖盘
11:03:06,62.41,0.0,21,131103,卖盘
11:03:10,62.43,0.02,22,137340,中性盘
11:03:12,62.43,0.0,30,187242,买盘
11:03:15,62.42,-0.01,33,205958,中性盘
11:03:18,62.42,0.0,12,74898,买盘
11:03:21,62.42,0.0,40,249675,买盘
11:03:24,62.41,-0.01,35,218452,卖盘
11:03:28,62.41,0.0,109,680364,卖盘
11:03:30,62.43,0.02,17,106118,买盘
11:03:33,62.43,0.0,27,168527,买盘
11:03:36,62.42,-0.01,39,243415,卖盘
11:03:39,62.42,0.0,41,255930,卖盘
11:03:42,62.43,0.01,19,118605,买盘
11:03:45,62.43,0.0,50,312116,买盘
11:03:49,62.43,0.0,6,37453,买盘
11:03:51,62.43,0.0,36,224721,买盘
11:03:55,62.43,0.0,88,549380,买盘
11:03:57,62.42,-0.01,89,555684,卖盘
11:04:01,62.46,0.04,124,774365,买盘
11:04:05,62.46,0.0,20,124920,卖盘
11:04:07,62.47,0.01,26,162411,买盘
11:04:09,62.46,-0.01,20,124920,卖盘
11:04:12,62.47,0.01,51,318595,买盘
11:04:15,62.46,-0.01,246,1536619,卖盘
11:04:19,62.43,-0.03,78,487002,卖盘
11:04:21,62.46,0.03,33,206088,买盘
11:04:25,62.46,0.0,28,174858,买盘
11:04:27,62.46,0.0,56,349758,买盘
11:04:31,62.47,0.01,51,318515,买盘
11:04:34,62.46,-0.01,85,530928,卖盘
11:04:36,62.46,0.0,9,56214,卖盘
11:04:39,62.46,0.0,105,655841,卖盘
11:04:43,62.48,0.02,39,243581,买盘
11:04:46,62.46,-0.02,9,56218,卖盘
11:04:48,62.48,0.02,12,74972,买盘
11:04:51,62.44,-0.04,108,674576,卖盘
11:04:54,62.44,0.0,49,305943,买盘
11:04:58,62.43,-0.01,25,156093,卖盘
11:05:00,62.44,0.01,129,805472,买盘
11:05:05,62.44,0.0,27,168592,卖盘
11:05:07,62.44,0.0,16,99901,买盘
11:05:10,62.45,0.01,29,181072,买盘
11:05:12,62.45,0.0,62,387096,买盘
11:05:16,62.45,0.0,31,193575,买盘
11:05:19,62.45,0.0,27,168589,买盘
11:05:21,62.45,0.0,79,493344,买盘
11:05:25,62.44,-0.01,59,368403,卖盘
11:05:27,62.43,-0.01,124,774171,卖盘
11:05:31,62.44,0.01,48,299644,中性盘
11:05:33,62.44,0.0,15,93639,买盘
11:05:37,62.43,-0.01,72,449491,卖盘
11:05:40,62.43,0.0,41,255935,买盘
11:05:43,62.42,-0.01,164,1023733,卖盘
11:05:45,62.42,0.0,38,237208,卖盘
11:05:48,62.43,0.01,28,174792,买盘
11:05:52,62.43,0.0,22,137341,买盘
11:05:54,62.43,0.0,59,368325,买盘
11:05:58,62.43,0.0,18,112368,买盘
11:06:00,62.43,0.0,114,711697,买盘
11:06:04,62.43,0.0,90,561854,买盘
11:06:06,62.47,0.04,147,917994,买盘
11:06:09,62.47,0.0,20,124940,卖盘
11:06:13,62.47,0.0,7,43725,买盘
11:06:16,62.47,0.0,2,12492,买盘
11:06:19,62.47,0.0,9,56207,买盘
11:06:21,62.47,0.0,21,131182,买盘
11:06:24,62.47,0.0,29,181159,买盘
11:06:27,62.44,-0.03,44,274763,卖盘
11:06:31,62.45,0.01,10,62446,买盘
11:06:34,62.45,0.0,29,181097,买盘
11:06:37,62.44,-0.01,43,268534,卖盘
11:06:39,62.45,0.01,49,305984,买盘
11:06:43,62.45,0.0,58,362165,买盘
11:06:46,62.45,0.0,82,512036,买盘
11:06:48,62.45,0.0,37,231057,买盘
11:06:52,62.44,-0.01,34,212309,卖盘
11:06:55,62.45,0.01,28,174843,买盘
11:06:58,62.45,0.0,21,131131,买盘
11:07:00,62.45,0.0,58,362196,买盘
11:07:04,62.44,-0.01,7,43714,卖盘
11:07:07,62.45,0.01,34,212344,卖盘
11:07:10,62.45,0.0,4,24980,卖盘
11:07:12,62.47,0.02,59,368487,买盘
11:07:16,62.45,-0.02,35,218587,卖盘
11:07:18,62.45,0.0,5,31228,卖盘
11:07:22,62.46,0.01,78,487141,买盘
11:07:24,62.46,0.0,47,293529,买盘
11:07:27,62.46,0.0,38,237343,买盘
11:07:30,62.46,0.0,28,174884,买盘
11:07:33,62.46,0.0,75,468446,买盘
11:07:36,62.47,0.01,14,87445,买盘
11:07:40,62.46,-0.01,71,443516,卖盘
11:07:42,62.47,0.01,74,462260,买盘
11:07:45,62.47,0.0,9,56223,卖盘
11:07:49,62.47,0.0,24,149935,卖盘
11:07:52,62.48,0.01,45,281154,买盘
11:07:55,62.48,0.0,20,124947,买盘
11:07:57,62.48,0.0,33,206181,买盘
11:08:01,62.48,0.0,37,231170,买盘
11:08:04,62.48,0.0,70,437360,买盘
11:08:07,62.48,0.0,39,243677,卖盘
11:08:10,62.48,0.0,14,87473,卖盘
11:08:13,62.48,0.0,29,181197,卖盘
11:08:16,62.48,0.0,71,443613,买盘
11:08:18,62.48,0.0,166,1036927,买盘
11:08:21,62.48,0.0,28,174906,买盘
11:08:25,62.48,0.0,49,306136,买盘
11:08:27,62.47,-0.01,15,93707,中性盘
11:08:31,62.47,0.0,27,168667,买盘
11:08:34,62.48,0.01,51,318571,买盘
11:08:37,62.48,0.0,37,231152,买盘
11:08:39,62.48,0.0,32,199882,买盘
11:08:43,62.48,0.0,25,156180,买盘
11:08:45,62.47,-0.01,10,62470,卖盘
11:08:48,62.48,0.01,11,68727,买盘
11:08:52,62.47,-0.01,63,393610,卖盘
11:08:54,62.47,0.0,53,331091,卖盘
11:08:58,62.48,0.01,36,224918,买盘
11:09:01,62.48,0.0,25,156190,买盘
11:09:04,62.48,0.0,103,643539,买盘
11:09:07,62.47,-0.01,108,674683,卖盘
11:09:09,62.48,0.01,51,318626,买盘
11:09:12,62.47,-0.01,92,574753,卖盘
11:09:16,62.47,0.0,35,218628,买盘
11:09:18,62.46,-0.01,237,1480309,卖盘
11:09:21,62.47,0.01,77,480995,买盘
11:09:25,62.48,0.01,88,549719,买盘
11:09:27,62.47,-0.01,16,99939,中性盘
11:09:31,62.47,0.0,226,1411607,买盘
11:09:34,62.46,-0.01,68,424744,卖盘
11:09:36,62.47,0.01,20,124924,买盘
11:09:39,62.46,-0.01,40,249853,卖盘
11:09:42,62.46,0.0,29,181141,卖盘
11:09:46,62.46,0.0,63,393501,卖盘
11:09:49,62.47,0.01,20,124929,买盘
11:09:52,62.46,-0.01,22,137420,卖盘
11:09:54,62.46,0.0,18,112441,卖盘
11:09:57,62.46,0.0,36,224856,卖盘
11:10:01,62.46,0.0,29,181128,买盘
11:10:04,62.46,0.0,59,368514,买盘
11:10:06,62.46,0.0,10,62460,卖盘
11:10:10,62.46,0.0,8,49973,卖盘
11:10:12,62.46,0.0,20,124925,卖盘
11:10:16,62.46,0.0,102,637192,卖盘
11:10:19,62.47,0.01,125,780762,买盘
11:10:21,62.46,-0.01,90,562191,卖盘
11:10:24,62.47,0.01,20,124931,买盘
11:10:27,62.46,-0.01,14,87450,卖盘
11:10:31,62.46,0.0,48,299844,卖盘
11:10:33,62.46,0.0,15,93693,卖盘
11:10:36,62.47,0.01,34,212387,买盘
11:10:40,62.46,-0.01,30,187389,卖盘
11:10:42,62.47,0.01,54,337291,买盘
11:10:45,62.47,0.0,27,168643,买盘
11:10:48,62.47,0.0,18,112442,买盘
11:10:51,62.47,0.0,22,137432,买盘
11:10:55,62.46,-0.01,69,431024,卖盘
11:10:57,62.46,0.0,56,349819,卖盘
11:11:00,62.46,0.0,84,524732,卖盘
11:11:04,62.46,0.0,15,93690,卖盘
11:11:06,62.47,0.01,110,687263,卖盘
11:11:09,62.47,0.0,16,99951,卖盘
11:11:13,62.47,0.0,520,3247935,买盘
11:11:16,62.47,0.0,71,443473,买盘
11:11:19,62.47,0.0,51,318562,买盘
11:11:21,62.48,0.01,30,187405,买盘
11:11:25,62.47,-0.01,31,193657,卖盘
11:11:27,62.47,0.0,6,37482,卖盘
11:11:30,62.48,0.01,4,24992,买盘
11:11:33,62.48,0.0,146,912191,买盘
11:11:37,62.48,0.0,22,137450,卖盘
11:11:39,62.47,-0.01,39,243648,卖盘
11:11:42,62.48,0.01,56,349895,卖盘
11:11:46,62.48,0.0,25,156200,卖盘
11:11:49,62.49,0.01,20,126719,买盘
11:11:51,62.48,-0.01,58,360671,卖盘
11:11:54,62.48,0.0,114,712181,卖盘
11:11:57,62.48,0.0,32,199920,买盘
11:12:01,62.48,0.0,27,168693,买盘
11:12:04,62.48,0.0,26,162437,买盘
11:12:07,62.49,0.01,93,581066,买盘
11:12:09,62.48,-0.01,46,287417,卖盘
11:12:13,62.49,0.01,21,131221,买盘
11:12:15,62.48,-0.01,75,468603,卖盘
11:12:18,62.48,0.0,35,218689,卖盘
11:12:22,62.49,0.01,15,93730,买盘
11:12:24,62.48,-0.01,93,581079,卖盘
11:12:27,62.49,0.01,147,919713,买盘
11:12:31,62.5,0.01,158,987423,买盘
11:12:33,62.49,-0.01,51,318736,卖盘
11:12:36,62.49,0.0,32,199988,卖盘
11:12:39,62.49,0.0,32,200009,卖盘
11:12:43,62.49,0.0,41,256236,卖盘
11:12:45,62.51,0.02,10,62506,买盘
11:12:49,62.51,0.0,20,125010,买盘
11:12:52,62.51,0.0,37,231155,买盘
11:12:55,62.51,0.0,33,206275,买盘
11:12:57,62.51,0.0,62,387559,买盘
11:13:00,62.52,0.01,12,75016,买盘
11:13:04,62.52,0.0,19,118770,买盘
11:13:06,62.52,0.0,81,506444,买盘
11:13:10,62.52,0.0,13,81276,卖盘
11:13:12,62.56,0.04,43,268937,买盘
11:13:15,62.56,0.0,12,75072,卖盘
11:13:18,62.57,0.01,14,87594,买盘
11:13:21,62.57,0.0,8,50054,买盘
11:13:25,62.56,-0.01,17,106352,卖盘
11:13:27,62.56,0.0,12,75070,买盘
11:13:31,62.56,0.0,53,332884,买盘
11:13:33,62.56,0.0,65,406691,卖盘
11:13:37,62.57,0.01,36,225252,买盘
11:13:39,62.58,0.01,19,118888,买盘
11:13:42,62.58,0.0,31,194002,卖盘
11:13:46,62.59,0.01,55,344230,买盘
11:13:48,62.59,0.0,20,125173,卖盘
11:13:51,62.6,0.01,28,175276,买盘
11:13:55,62.6,0.0,219,1370931,买盘
11:13:57,62.6,0.0,183,1145580,买盘
11:14:01,62.61,0.01,76,475784,买盘
11:14:04,62.6,-0.01,38,237900,卖盘
11:14:06,62.62,0.02,18,112703,买盘
11:14:10,62.61,-0.01,26,162789,卖盘
11:14:12,62.62,0.01,110,688818,买盘
11:14:15,62.62,0.0,212,1327672,卖盘
11:14:19,62.62,0.0,46,288043,卖盘
11:14:21,62.62,0.0,48,300582,卖盘
11:14:25,62.63,0.01,159,995875,买盘
11:14:28,62.63,0.0,84,526093,卖盘
11:14:31,62.64,0.01,45,281861,买盘
11:14:33,62.63,-0.01,103,645145,卖盘
11:14:36,62.65,0.02,44,275625,买盘
11:14:39,62.65,0.0,48,300708,买盘
11:14:43,62.64,-0.01,114,714088,卖盘
11:14:45,62.63,-0.01,26,160031,卖盘
11:14:49,62.64,0.01,63,394621,买盘
11:14:52,62.66,0.02,35,219882,买盘
11:14:54,62.65,-0.01,71,444784,卖盘
11:14:57,62.64,-0.01,28,175388,卖盘
11:15:00,62.65,0.01,137,858247,买盘
11:15:05,62.65,0.0,155,971075,卖盘
11:15:07,62.65,0.0,50,313234,卖盘
11:15:10,62.65,0.0,99,620245,买盘
11:15:12,62.65,0.0,157,983721,卖盘
11:15:15,62.65,0.0,133,833340,卖盘
11:15:19,62.65,0.0,54,338335,卖盘
11:15:22,62.65,0.0,70,438550,卖盘
11:15:24,62.64,-0.01,76,476078,卖盘
11:15:28,62.63,-0.01,95,594986,卖盘
11:15:31,62.63,0.0,123,770410,卖盘
11:15:33,62.61,-0.02,47,297124,卖盘
11:15:36,62.63,0.02,28,175332,买盘
11:15:39,62.6,-0.03,60,375757,卖盘
11:15:42,62.63,0.03,51,319316,买盘
11:15:46,62.65,0.02,101,632605,买盘
11:15:49,62.61,-0.04,17,106437,卖盘
11:15:51,62.63,0.02,16,100197,买盘
11:15:54,62.63,0.0,114,714077,卖盘
11:15:58,62.62,-0.01,24,150278,卖盘
11:16:01,62.64,0.02,27,169119,买盘
11:16:04,62.68,0.04,512,3205706,买盘
11:16:07,62.68,0.0,93,582924,卖盘
11:16:10,62.7,0.02,55,344752,买盘
11:16:12,62.68,-0.02,107,670876,卖盘
11:16:16,62.7,0.02,13,81488,买盘
11:16:18,62.69,-0.01,39,244467,买盘
11:16:21,62.7,0.01,77,483336,买盘
11:16:24,62.7,0.0,210,1316680,买盘
11:16:28,62.7,0.0,31,194370,卖盘
11:16:31,62.71,0.01,265,1661413,买盘
11:16:34,62.71,0.0,34,213190,中性盘
11:16:37,62.72,0.01,63,395040,买盘
11:16:39,62.7,-0.02,217,1360911,卖盘
11:16:42,62.73,0.03,61,382555,买盘
11:16:46,62.72,-0.01,14,87794,买盘
11:16:48,62.71,-0.01,20,125423,卖盘
11:16:51,62.72,0.01,76,476656,买盘
11:16:54,62.73,0.01,13,81538,买盘
11:16:58,62.75,0.02,243,1524461,买盘
11:17:01,62.76,0.01,45,282379,买盘
11:17:04,62.76,0.0,22,138052,买盘
11:17:07,62.76,0.0,198,1242509,买盘
11:17:10,62.78,0.02,68,426743,买盘
11:17:12,62.77,-0.01,46,288739,卖盘
11:17:16,62.77,0.0,86,539819,卖盘
11:17:18,62.77,0.0,128,803447,卖盘
11:17:21,62.77,0.0,221,1386795,买盘
11:17:24,62.76,-0.01,260,1632639,中性盘
11:17:28,62.8,0.04,1384,8690031,买盘
11:17:31,62.81,0.01,403,2530844,买盘
11:17:34,62.8,-0.01,177,1111550,卖盘
11:17:36,62.8,0.0,55,345254,买盘
11:17:40,62.8,0.0,138,866617,买盘
11:17:42,62.78,-0.02,193,1211648,买盘
11:17:45,62.78,0.0,62,389173,买盘
11:17:49,62.78,0.0,58,364157,买盘
11:17:52,62.78,0.0,27,169478,买盘
11:17:55,62.78,0.0,6,37660,买盘
11:17:57,62.78,0.0,76,477098,买盘
11:18:00,62.79,0.01,148,928949,买盘
11:18:04,62.78,-0.01,24,150659,卖盘
11:18:06,62.76,-0.02,19,119268,卖盘
11:18:09,62.76,0.0,54,338994,卖盘
11:18:13,62.78,0.02,109,684267,买盘
11:18:16,62.76,-0.02,31,194592,卖盘
11:18:19,62.77,0.01,12,75317,卖盘
11:18:22,62.78,0.01,91,571149,买盘
11:18:25,62.77,-0.01,27,169459,中性盘
11:18:27,62.76,-0.01,129,809309,卖盘
11:18:30,62.76,0.0,40,250842,买盘
11:18:33,62.77,0.01,65,407686,买盘
11:18:36,62.76,-0.01,361,2263570,买盘
11:18:39,62.71,-0.05,272,1703531,中性盘
11:18:42,62.69,-0.02,49,305421,卖盘
11:18:45,62.66,-0.03,35,221114,卖盘
11:18:48,62.66,0.0,17,106517,买盘
11:18:52,62.66,0.0,13,81454,买盘
11:18:54,62.66,0.0,47,294498,买盘
11:18:58,62.66,0.0,82,513755,买盘
11:19:00,62.66,0.0,39,244341,买盘
11:19:04,62.66,0.0,32,200498,买盘
11:19:07,62.66,0.0,163,1021352,买盘
11:19:09,62.66,0.0,163,1021161,买盘
11:19:12,62.66,0.0,50,311422,买盘
11:19:15,62.66,0.0,48,300768,买盘
11:19:18,62.66,0.0,17,106522,卖盘
11:19:21,62.68,0.02,34,213056,买盘
11:19:25,62.68,0.0,34,213078,买盘
11:19:27,62.66,-0.02,17,106544,卖盘
11:19:30,62.68,0.02,17,106552,买盘
11:19:33,62.69,0.01,80,501465,买盘
11:19:36,62.69,0.0,19,119112,卖盘
11:19:39,62.69,0.0,63,394949,卖盘
11:19:42,62.7,0.01,76,476474,买盘
11:19:46,62.7,0.0,39,244496,买盘
11:19:49,62.7,0.0,85,532944,买盘
11:19:52,62.7,0.0,101,633261,买盘
11:19:54,62.69,-0.01,72,451410,卖盘
11:19:57,62.69,0.0,17,106584,卖盘
11:20:00,62.71,0.02,37,232021,买盘
11:20:05,62.7,-0.01,19,119142,卖盘
11:20:07,62.7,0.0,67,420085,卖盘
11:20:10,62.71,0.01,58,363654,买盘
11:20:12,62.71,0.0,32,200667,买盘
11:20:16,62.71,0.0,46,288466,卖盘
11:20:18,62.72,0.01,20,125432,买盘
11:20:22,62.72,0.0,33,206967,买盘
11:20:25,62.73,0.01,27,169346,买盘
11:20:27,62.74,0.01,7,43912,买盘
11:20:31,62.74,0.0,4,25095,买盘
11:20:33,62.74,0.0,12,75288,卖盘
11:20:37,62.74,0.0,27,169401,卖盘
11:20:39,62.74,0.0,83,520820,卖盘
11:20:42,62.75,0.01,63,395290,买盘
11:20:46,62.73,-0.02,43,269818,卖盘
11:20:48,62.73,0.0,40,250933,卖盘
11:20:52,62.74,0.01,33,207013,买盘
11:20:54,62.74,0.0,10,62728,买盘
11:20:57,62.74,0.0,8,50182,买盘
11:21:01,62.74,0.0,202,1267230,买盘
11:21:05,62.72,-0.02,68,426554,卖盘
11:21:07,62.72,0.0,18,112895,卖盘
11:21:09,62.75,0.03,91,570446,买盘
11:21:13,62.71,-0.04,112,702556,卖盘
11:21:15,62.71,0.0,32,200679,卖盘
11:21:19,62.72,0.01,11,68992,卖盘
11:21:21,62.73,0.01,36,225812,买盘
11:21:25,62.72,-0.01,123,771846,卖盘
11:21:27,62.73,0.01,33,206996,买盘
11:21:30,62.75,0.02,38,238384,买盘
11:21:33,62.73,-0.02,6,37640,卖盘
11:21:37,62.75,0.02,41,257269,买盘
11:21:39,62.72,-0.03,63,395154,卖盘
11:21:43,62.74,0.02,13,81556,中性盘
11:21:45,62.72,-0.02,30,188190,卖盘
11:21:49,62.75,0.03,102,639961,买盘
11:21:52,62.75,0.0,34,213355,卖盘
11:21:55,62.74,-0.01,8,50198,卖盘
11:21:57,62.75,0.01,24,150594,买盘
11:22:00,62.75,0.0,22,138048,买盘
11:22:04,62.74,-0.01,29,181953,卖盘
11:22:07,62.73,-0.01,19,119194,卖盘
11:22:10,62.74,0.01,7,43916,买盘
11:22:12,62.74,0.0,34,213315,买盘
11:22:16,62.74,0.0,54,338792,买盘
11:22:18,62.74,0.0,65,407803,买盘
11:22:21,62.75,0.01,26,163133,买盘
11:22:25,62.74,-0.01,123,771798,卖盘
11:22:27,62.74,0.0,17,106659,卖盘
11:22:30,62.74,0.0,42,263524,卖盘
11:22:33,62.74,0.0,43,269782,卖盘
11:22:37,62.74,0.0,55,345043,卖盘
11:22:40,62.74,0.0,26,163118,买盘
11:22:43,62.73,-0.01,23,144284,卖盘
11:22:45,62.73,0.0,15,94095,卖盘
11:22:48,62.73,0.0,35,219555,卖盘
11:22:52,62.73,0.0,16,100362,买盘
11:22:54,62.72,-0.01,161,1009945,卖盘
11:22:57,62.73,0.01,81,508070,买盘
11:23:00,62.72,-0.01,32,200721,卖盘
11:23:05,62.73,0.01,17,106632,买盘
11:23:07,62.72,-0.01,120,752643,卖盘
11:23:10,62.73,0.01,75,470417,买盘
11:23:12,62.73,0.0,26,163084,买盘
11:23:15,62.73,0.0,15,94088,买盘
11:23:19,62.74,0.01,74,464202,买盘
11:23:21,62.73,-0.01,90,564570,卖盘
11:23:24,62.73,0.0,17,106631,买盘
11:23:28,62.73,0.0,26,163095,买盘
11:23:30,62.73,0.0,26,163078,买盘
11:23:34,62.72,-0.01,20,125454,卖盘
11:23:37,62.73,0.01,139,871997,买盘
11:23:40,62.73,0.0,30,188206,卖盘
11:23:42,62.75,0.02,113,708997,买盘
11:23:45,62.76,0.01,92,577363,买盘
11:23:49,62.76,0.0,26,163150,买盘
11:23:52,62.76,0.0,22,138055,买盘
11:23:54,62.76,0.0,6,37654,买盘
11:23:58,62.77,0.01,25,156914,买盘
11:24:00,62.77,0.0,31,194563,买盘
11:24:04,62.77,0.0,68,426836,买盘
11:24:07,62.77,0.0,26,163211,卖盘
11:24:10,62.77,0.0,4,25108,卖盘
11:24:12,62.77,0.0,33,207150,卖盘
11:24:16,62.77,0.0,11,69051,卖盘
11:24:19,62.78,0.01,96,602668,买盘
11:24:21,62.77,-0.01,58,364072,卖盘
11:24:25,62.77,0.0,62,389228,卖盘
11:24:27,62.78,0.01,54,338983,买盘
11:24:31,62.78,0.0,48,301316,买盘
11:24:34,62.77,-0.01,31,194588,卖盘
11:24:37,62.77,0.0,30,188326,卖盘
11:24:39,62.78,0.01,37,236863,买盘
11:24:42,62.78,0.0,47,295056,买盘
11:24:46,62.78,0.0,32,200896,卖盘
11:24:48,62.78,0.0,15,94170,卖盘
11:24:51,62.78,0.0,35,220488,卖盘
11:24:54,62.78,0.0,15,94177,卖盘
11:24:58,62.78,0.0,11,69058,卖盘
11:25:01,62.78,0.0,31,194647,卖盘
11:25:04,62.78,0.0,26,163228,卖盘
11:25:07,62.77,-0.01,13,80858,卖盘
11:25:10,62.77,0.0,30,188323,卖盘
11:25:12,62.78,0.01,47,295055,买盘
11:25:15,62.77,-0.01,27,169494,卖盘
11:25:19,62.78,0.01,15,94160,买盘
11:25:22,62.77,-0.01,154,966677,卖盘
11:25:24,62.77,0.0,41,257362,卖盘
11:25:27,62.77,0.0,48,301308,卖盘
11:25:30,62.78,0.01,32,200032,买盘
11:25:33,62.75,-0.03,10,62752,卖盘
11:25:36,62.76,0.01,8,50211,中性盘
11:25:39,62.76,0.0,24,150625,卖盘
11:25:42,62.75,-0.01,29,182003,卖盘
11:25:45,62.75,0.0,22,134298,卖盘
11:25:49,62.74,-0.01,6,37645,卖盘
11:25:52,62.74,0.0,19,119220,卖盘
11:25:54,62.76,0.02,85,537659,买盘
11:25:58,62.76,0.0,41,257317,卖盘
11:26:00,62.77,0.01,29,182008,买盘
11:26:05,62.76,-0.01,37,232213,卖盘
11:26:07,62.76,0.0,40,251040,卖盘
11:26:09,62.76,0.0,41,257319,卖盘
11:26:13,62.76,0.0,97,608796,卖盘
11:26:15,62.77,0.01,49,307526,买盘
11:26:19,62.77,0.0,36,224565,买盘
11:26:21,62.76,-0.01,97,608848,买盘
11:26:24,62.76,0.0,28,175717,买盘
11:26:28,62.75,-0.01,86,539707,卖盘
11:26:31,62.76,0.01,129,809595,买盘
11:26:33,62.77,0.01,40,251043,买盘
11:26:36,62.77,0.0,24,150631,买盘
11:26:39,62.77,0.0,36,225948,买盘
11:26:43,62.76,-0.01,31,192939,卖盘
11:26:45,62.77,0.01,48,301265,买盘
11:26:49,62.76,-0.01,63,395352,买盘
11:26:52,62.76,0.0,75,470710,买盘
11:26:54,62.76,0.0,20,125516,卖盘
11:26:57,62.76,0.0,10,62766,卖盘
11:27:01,62.76,0.0,22,138083,卖盘
11:27:04,62.76,0.0,5,31380,卖盘
11:27:07,62.76,0.0,4,25107,卖盘
11:27:10,62.76,0.0,33,207138,卖盘
11:27:13,62.76,0.0,101,633969,卖盘
11:27:16,62.77,0.01,92,577503,中性盘
11:27:18,62.78,0.01,67,420604,买盘
11:27:21,62.77,-0.01,111,695084,卖盘
11:27:24,62.78,0.01,38,238564,中性盘
11:27:28,62.78,0.0,126,791137,卖盘
11:27:30,62.79,0.01,26,163232,买盘
11:27:33,62.8,0.01,27,169518,买盘
11:27:36,62.77,-0.03,48,303081,卖盘
11:27:40,62.78,0.01,451,2829077,买盘
11:27:42,62.8,0.02,280,1758242,买盘
11:27:46,62.81,0.01,202,1268590,买盘
11:27:48,62.81,0.0,100,628091,卖盘
11:27:52,62.8,-0.01,54,339171,卖盘
11:27:55,62.81,0.01,68,427145,卖盘
11:27:58,62.82,0.01,28,175888,买盘
11:28:01,62.81,-0.01,25,157030,卖盘
11:28:05,62.81,0.0,28,175873,买盘
11:28:06,62.81,0.0,101,634435,卖盘
11:28:10,62.81,0.0,145,910730,买盘
11:28:13,62.82,0.01,24,150744,买盘
11:28:15,62.85,0.03,47,295348,买盘
11:28:18,62.85,0.0,12,75420,卖盘
11:28:21,62.86,0.01,26,163424,买盘
11:28:24,62.87,0.01,77,484045,买盘
11:28:28,62.87,0.0,44,276618,买盘
11:28:30,62.88,0.01,223,1402163,买盘
11:28:33,62.89,0.01,172,1081653,买盘
11:28:37,62.88,-0.01,137,861475,卖盘
11:28:40,62.88,0.0,121,760668,卖盘
11:28:42,62.89,0.01,70,440213,买盘
11:28:45,62.85,-0.04,87,547055,卖盘
11:28:49,62.84,-0.01,257,1616237,卖盘
11:28:51,62.89,0.05,70,439883,买盘
11:28:54,62.88,-0.01,43,270405,卖盘
11:28:58,62.89,0.01,100,628885,买盘
11:29:00,62.9,0.01,41,257865,买盘
11:29:04,62.9,0.0,63,396249,买盘
11:29:07,62.91,0.01,16,100643,买盘
11:29:10,62.91,0.0,28,176141,买盘
11:29:13,62.92,0.01,27,169846,买盘
11:29:16,62.91,-0.01,45,283060,卖盘
11:29:19,62.92,0.01,29,182426,买盘
11:29:21,62.93,0.01,35,220206,买盘
11:29:24,62.92,-0.01,23,144713,卖盘
11:29:28,62.93,0.01,39,245408,买盘
11:29:31,62.92,-0.01,196,1233187,卖盘
11:29:33,62.92,0.0,92,578798,买盘
11:29:36,62.9,-0.02,72,452982,卖盘
11:29:39,62.91,0.01,30,188737,中性盘
11:29:43,62.92,0.01,116,729854,买盘
11:29:45,62.91,-0.01,40,251619,中性盘
11:29:49,62.92,0.01,73,459278,买盘
11:29:52,62.92,0.0,10,62920,买盘
11:29:54,62.93,0.01,63,396446,买盘
11:29:58,62.91,-0.02,44,276847,卖盘
11:30:00,62.93,0.02,49,308297,买盘
13:00:01,62.99,0.06,1048,6598255,买盘
13:00:04,62.94,-0.05,1630,10259915,卖盘
13:00:07,62.94,0.0,319,2007894,卖盘
13:00:10,62.95,0.01,403,2538483,买盘
13:00:13,62.95,0.0,99,623281,卖盘
13:00:15,62.96,0.01,995,6267572,中性盘
13:00:18,62.95,-0.01,151,953482,中性盘
13:00:22,62.96,0.01,26,163682,买盘
13:00:24,62.94,-0.02,51,318135,卖盘
13:00:27,62.96,0.02,438,2760057,买盘
13:00:30,62.94,-0.02,76,474130,卖盘
13:00:33,62.94,0.0,66,415391,买盘
13:00:37,62.95,0.01,47,295818,买盘
13:00:40,62.93,-0.02,339,2136421,卖盘
13:00:42,62.95,0.02,518,3258137,买盘
13:00:45,62.96,0.01,246,1550466,买盘
13:00:48,62.91,-0.05,94,588437,卖盘
13:00:51,62.92,0.01,123,779676,买盘
13:00:54,62.92,0.0,144,905998,买盘
13:00:57,62.92,0.0,44,273568,买盘
13:01:01,62.92,0.0,35,220240,卖盘
13:01:05,62.95,0.03,119,748979,买盘
13:01:07,62.93,-0.02,34,214006,卖盘
13:01:10,62.93,0.0,25,157322,卖盘
13:01:13,62.94,0.01,30,188764,中性盘
13:01:16,62.91,-0.03,31,192442,卖盘
13:01:18,62.91,0.0,14,88068,买盘
13:01:21,62.92,0.01,42,266807,买盘
13:01:24,62.9,-0.02,73,459206,卖盘
13:01:27,62.92,0.02,28,176152,买盘
13:01:31,62.92,0.0,43,270561,卖盘
13:01:34,62.92,0.0,96,604029,卖盘
13:01:37,62.91,-0.01,94,591354,卖盘
13:01:39,62.91,0.0,590,3711107,买盘
13:01:42,62.9,-0.01,165,1035186,卖盘
13:01:45,62.88,-0.02,84,529408,卖盘
13:01:49,62.86,-0.02,33,207443,卖盘
13:01:52,62.85,-0.01,46,289073,卖盘
13:01:54,62.83,-0.02,45,284689,中性盘
13:01:58,62.81,-0.02,60,376953,卖盘
13:02:00,62.81,0.0,16,100491,买盘
13:02:05,62.81,0.0,123,772476,买盘
13:02:07,62.8,-0.01,70,440074,卖盘
13:02:10,62.8,0.0,40,251206,卖盘
13:02:13,62.81,0.01,21,129445,买盘
13:02:15,62.8,-0.01,42,263731,买盘
13:02:18,62.79,-0.01,15,94170,中性盘
13:02:21,62.81,0.02,153,960799,买盘
13:02:25,62.8,-0.01,119,748879,中性盘
13:02:27,62.79,-0.01,74,462832,买盘
13:02:31,62.79,0.0,72,452104,卖盘
13:02:33,62.79,0.0,70,443665,卖盘
13:02:37,62.76,-0.03,17,106734,卖盘
13:02:40,62.75,-0.01,20,125508,卖盘
13:02:42,62.75,0.0,71,445631,卖盘
13:02:46,62.79,0.04,34,213366,买盘
13:02:49,62.75,-0.04,203,1274389,卖盘
13:02:51,62.75,0.0,91,570872,买盘
13:02:55,62.78,0.03,141,884860,买盘
13:02:58,62.78,0.0,39,244845,卖盘
13:03:01,62.79,0.01,61,383003,买盘
13:03:04,62.79,0.0,313,1965208,买盘
13:03:07,62.8,0.01,73,458427,买盘
13:03:10,62.81,0.01,94,590322,买盘
13:03:13,62.8,-0.01,56,351730,卖盘
13:03:16,62.8,0.0,41,257474,买盘
13:03:18,62.78,-0.02,57,357922,卖盘
13:03:21,62.8,0.02,27,169554,买盘
13:03:24,62.8,0.0,54,339076,买盘
13:03:28,62.83,0.03,34,213544,买盘
13:03:31,62.81,-0.02,24,150754,卖盘
13:03:33,62.81,0.0,36,226150,卖盘
13:03:36,62.81,0.0,69,433418,卖盘
13:03:39,62.83,0.02,64,402096,买盘
13:03:42,62.84,0.01,46,289027,买盘
13:03:46,62.84,0.0,26,163360,买盘
13:03:49,62.84,0.0,74,465013,买盘
13:03:52,62.85,0.01,81,508992,买盘
13:03:54,62.85,0.0,60,377091,买盘
13:03:58,62.85,0.0,76,477699,卖盘
13:04:00,62.86,0.01,58,364543,买盘
13:04:04,62.85,-0.01,159,999381,卖盘
13:04:07,62.88,0.03,38,238872,买盘
13:04:10,62.88,0.0,38,238862,买盘
13:04:13,62.86,-0.02,102,641274,卖盘
13:04:15,62.88,0.02,114,716667,买盘
13:04:18,62.87,-0.01,54,339459,买盘
13:04:21,62.83,-0.04,151,948978,卖盘
13:04:25,62.85,0.02,69,433626,买盘
13:04:27,62.86,0.01,36,226234,买盘
13:04:31,62.85,-0.01,46,289140,卖盘
13:04:33,62.85,0.0,83,521693,卖盘
13:04:36,62.85,0.0,165,1036973,卖盘
13:04:40,62.85,0.0,107,672480,卖盘
13:04:43,62.81,-0.04,260,1629804,卖盘
13:04:46,62.81,0.0,75,475042,卖盘
13:04:48,62.81,0.0,67,420777,买盘
13:04:51,62.8,-0.01,169,1061341,卖盘
13:04:54,62.79,-0.01,177,1111638,卖盘
13:04:58,62.8,0.01,56,351678,买盘
13:05:01,62.79,-0.01,49,307684,中性盘
13:05:04,62.77,-0.02,242,1519421,卖盘
13:05:07,62.74,-0.03,152,953935,卖盘
13:05:10,62.74,0.0,24,150576,卖盘
13:05:13,62.74,0.0,52,326283,卖盘
13:05:16,62.76,0.02,19,119224,中性盘
13:05:19,62.73,-0.03,82,514053,卖盘
13:05:22,62.73,0.0,53,332500,卖盘
13:05:24,62.73,0.0,23,144289,卖盘
13:05:27,62.74,0.01,51,316838,买盘
13:05:30,62.72,-0.02,380,2384469,卖盘
13:05:34,62.74,0.02,178,1116640,买盘
13:05:37,62.73,-0.01,40,250915,中性盘
13:05:40,62.73,0.0,379,2379756,买盘
13:05:42,62.71,-0.02,71,444252,卖盘
13:05:45,62.73,0.02,52,326117,买盘
13:05:49,62.72,-0.01,323,2025558,中性盘
13:05:51,62.72,0.0,373,2335381,卖盘
13:05:55,62.73,0.01,62,388854,买盘
13:05:57,62.72,-0.01,54,338587,卖盘
13:06:01,62.72,0.0,402,2520784,买盘
13:06:04,62.72,0.0,227,1423385,买盘
13:06:06,62.71,-0.01,41,257102,卖盘
13:06:10,62.7,-0.01,95,597030,卖盘
13:06:12,62.69,-0.01,73,457679,卖盘
13:06:15,62.7,0.01,65,407498,买盘
13:06:19,62.7,0.0,34,213152,买盘
13:06:21,62.69,-0.01,130,814998,卖盘
13:06:24,62.69,0.0,60,376179,卖盘
13:06:28,62.69,0.0,349,2187939,卖盘
13:06:30,62.7,0.01,169,1059575,买盘
13:06:33,62.69,-0.01,81,507842,卖盘
13:06:36,62.69,0.0,101,633174,卖盘
13:06:40,62.69,0.0,73,457670,买盘
13:06:43,62.7,0.01,42,263310,买盘
13:06:45,62.69,-0.01,57,357334,卖盘
13:06:49,62.7,0.01,45,282093,买盘
13:06:51,62.7,0.0,44,274472,买盘
13:06:55,62.7,0.0,39,244517,买盘
13:06:57,62.7,0.0,143,896537,买盘
13:07:00,62.7,0.0,54,338296,买盘
13:07:04,62.7,0.0,71,445146,买盘
13:07:06,62.7,0.0,35,219434,买盘
13:07:10,62.7,0.0,235,1473152,买盘
13:07:12,62.7,0.0,75,472005,买盘
13:07:16,62.7,0.0,62,388700,买盘
13:07:19,62.7,0.0,56,351102,买盘
13:07:21,62.7,0.0,30,188074,买盘
13:07:25,62.68,-0.02,201,1260203,卖盘
13:07:27,62.68,0.0,46,290173,卖盘
13:07:31,62.7,0.02,23,144182,买盘
13:07:33,62.68,-0.02,169,1057482,卖盘
13:07:36,62.68,0.0,274,1718803,买盘
13:07:39,62.69,0.01,63,394891,买盘
13:07:43,62.67,-0.02,60,376085,卖盘
13:07:45,62.67,0.0,21,131601,买盘
13:07:48,62.67,0.0,51,319674,卖盘
13:07:51,62.68,0.01,66,413692,买盘
13:07:55,62.68,0.0,33,206834,买盘
13:07:57,62.68,0.0,107,670610,卖盘
13:08:01,62.68,0.0,82,514042,卖盘
13:08:04,62.69,0.01,330,2068315,买盘
13:08:07,62.67,-0.02,52,325920,卖盘
13:08:10,62.67,0.0,104,651646,买盘
13:08:12,62.67,0.0,72,451143,买盘
13:08:15,62.67,0.0,70,438658,买盘
13:08:19,62.67,0.0,48,300821,卖盘
13:08:22,62.67,0.0,155,971455,卖盘
13:08:25,62.67,0.0,79,495083,卖盘
13:08:27,62.67,0.0,94,589136,卖盘
13:08:31,62.67,0.0,37,231873,中性盘
13:08:33,62.68,0.01,203,1272398,买盘
13:08:37,62.69,0.01,153,959026,买盘
13:08:39,62.68,-0.01,39,244465,卖盘
13:08:43,62.68,0.0,84,526482,买盘
13:08:45,62.68,0.0,17,106543,买盘
13:08:49,62.68,0.0,101,633029,买盘
13:08:51,62.68,0.0,146,915128,买盘
13:08:54,62.67,-0.01,47,294567,卖盘
13:08:57,62.67,0.0,28,172048,卖盘
13:09:01,62.67,0.0,45,282045,卖盘
13:09:04,62.68,0.01,111,695660,买盘
13:09:07,62.68,0.0,49,307089,买盘
13:09:10,62.68,0.0,72,451198,买盘
13:09:13,62.67,-0.01,38,238139,卖盘
13:09:16,62.68,0.01,93,582901,买盘
13:09:18,62.68,0.0,45,282382,买盘
13:09:21,62.68,0.0,47,294555,买盘
13:09:25,62.68,0.0,97,607993,买盘
13:09:28,62.68,0.0,140,877508,卖盘
13:09:30,62.68,0.0,34,213114,卖盘
13:09:33,62.7,0.02,110,694472,买盘
13:09:37,62.69,-0.01,17,106573,卖盘
13:09:39,62.7,0.01,8,50153,买盘
13:09:42,62.7,0.0,227,1423031,买盘
13:09:46,62.68,-0.02,39,240712,卖盘
13:09:49,62.69,0.01,18,112837,买盘
13:09:51,62.69,0.0,50,313436,买盘
13:09:54,62.68,-0.01,57,357290,卖盘
13:09:57,62.69,0.01,93,583050,卖盘
13:10:01,62.68,-0.01,44,275821,卖盘
13:10:04,62.69,0.01,84,526564,买盘
13:10:07,62.69,0.0,81,507796,卖盘
13:10:10,62.69,0.0,18,112851,卖盘
13:10:12,62.69,0.0,35,218730,卖盘
13:10:15,62.69,0.0,68,426297,卖盘
13:10:19,62.7,0.01,166,1041447,买盘
13:10:21,62.69,-0.01,92,576753,卖盘
13:10:24,62.7,0.01,371,2325387,买盘
13:10:28,62.72,0.02,105,658490,买盘
13:10:30,62.73,0.01,92,577058,买盘
13:10:34,62.75,0.02,115,721418,买盘
13:10:36,62.75,0.0,84,527080,买盘
13:10:40,62.75,0.0,27,169445,卖盘
13:10:42,62.76,0.01,93,583734,中性盘
13:10:46,62.77,0.01,27,169470,买盘
13:10:49,62.76,-0.01,38,238513,卖盘
13:10:51,62.77,0.01,62,389169,买盘
13:10:54,62.77,0.0,84,527241,买盘
13:10:57,62.77,0.0,88,552349,买盘
13:11:01,62.77,0.0,83,521059,卖盘
13:11:04,62.79,0.02,43,269941,买盘
13:11:07,62.79,0.0,20,125564,买盘
13:11:10,62.79,0.0,48,301390,买盘
13:11:13,62.8,0.01,51,320237,买盘
13:11:15,62.8,0.0,11,69090,卖盘
13:11:19,62.81,0.01,50,313987,中性盘
13:11:21,62.8,-0.01,123,772394,中性盘
13:11:25,62.8,0.0,54,339094,买盘
13:11:28,62.8,0.0,75,475070,买盘
13:11:31,62.81,0.01,54,339103,买盘
13:11:34,62.8,-0.01,31,194685,卖盘
13:11:37,62.8,0.0,164,1030040,卖盘
13:11:39,62.81,0.01,35,219814,买盘
13:11:42,62.81,0.0,41,257501,买盘
13:11:46,62.8,-0.01,41,253733,卖盘
13:11:48,62.82,0.02,44,276351,买盘
13:11:52,62.8,-0.02,44,280092,卖盘
13:11:54,62.81,0.01,55,341632,买盘
13:11:58,62.81,0.0,39,244964,买盘
13:12:01,62.81,0.0,35,219835,卖盘
13:12:04,62.81,0.0,87,546485,卖盘
13:12:06,62.82,0.01,72,452286,买盘
13:12:10,62.82,0.0,120,753815,买盘
13:12:13,62.82,0.0,132,829186,买盘
13:12:16,62.82,0.0,116,729012,卖盘
13:12:19,62.82,0.0,70,439878,卖盘
13:12:22,62.86,0.04,274,1722018,买盘
13:12:25,62.85,-0.01,119,747818,卖盘
13:12:27,62.88,0.03,55,345738,买盘
13:12:31,62.88,0.0,48,301766,买盘
13:12:33,62.9,0.02,120,754703,买盘
13:12:37,62.89,-0.01,73,459067,买盘
13:12:39,62.9,0.01,217,1364834,买盘
13:12:42,62.9,0.0,88,553485,买盘
13:12:46,62.9,0.0,74,465463,买盘
13:12:49,62.93,0.03,92,578789,买盘
13:12:51,62.94,0.01,90,566291,买盘
13:12:55,62.94,0.0,63,396541,卖盘
13:12:57,62.96,0.02,50,314776,买盘
13:13:01,62.96,0.0,69,434427,卖盘
13:13:04,62.97,0.01,98,617051,买盘
13:13:07,62.97,0.0,108,680052,买盘
13:13:10,62.96,-0.01,117,736524,卖盘
13:13:12,62.9,-0.06,345,2170510,卖盘
13:13:16,62.9,0.0,94,591209,买盘
13:13:18,62.9,0.0,37,232704,买盘
13:13:22,62.89,-0.01,54,339633,中性盘
13:13:24,62.89,0.0,99,622641,买盘
13:13:27,62.89,0.0,42,268266,买盘
13:13:30,62.89,0.0,38,238967,买盘
13:13:33,62.89,0.0,119,748313,买盘
13:13:37,62.9,0.01,38,238936,买盘
13:13:40,62.96,0.06,329,2065345,买盘
13:13:43,62.96,0.0,79,497388,卖盘
13:13:46,62.9,-0.06,218,1371854,卖盘
13:13:49,62.9,0.0,117,735956,卖盘
13:13:51,62.92,0.02,27,170664,买盘
13:13:54,62.92,0.0,42,264251,买盘
13:13:57,62.92,0.0,32,201335,买盘
13:14:01,62.91,-0.01,65,408960,卖盘
13:14:05,62.92,0.01,72,452960,买盘
13:14:07,62.92,0.0,158,994097,买盘
13:14:10,62.9,-0.02,62,390037,卖盘
13:14:13,62.91,0.01,95,597590,中性盘
13:14:15,62.91,0.0,68,430471,买盘
13:14:19,62.9,-0.01,57,358539,卖盘
13:14:22,62.9,0.0,43,270483,卖盘
13:14:25,62.9,0.0,106,666750,卖盘
13:14:27,62.91,0.01,82,517039,买盘
13:14:31,62.9,-0.01,42,262991,卖盘
13:14:33,62.91,0.01,54,340841,买盘
13:14:37,62.91,0.0,77,484300,买盘
13:14:40,62.9,-0.01,193,1213809,卖盘
13:14:42,62.9,0.0,118,742039,买盘
13:14:45,62.88,-0.02,52,326965,卖盘
13:14:48,62.86,-0.02,89,555316,卖盘
13:14:52,62.86,0.0,20,126901,买盘
13:14:55,62.85,-0.01,39,245151,卖盘
13:14:57,62.86,0.01,19,119442,中性盘
13:15:01,62.86,0.0,37,232593,买盘
13:15:04,62.86,0.0,222,1395479,卖盘
13:15:07,62.86,0.0,61,383442,卖盘
13:15:10,62.85,-0.01,96,603388,卖盘
13:15:12,62.86,0.01,79,496546,买盘
13:15:15,62.85,-0.01,48,301705,卖盘
13:15:18,62.86,0.01,23,147401,买盘
13:15:22,62.87,0.01,20,125731,买盘
13:15:24,62.87,0.0,93,584675,买盘
13:15:28,62.87,0.0,9,56583,卖盘
13:15:31,62.86,-0.01,43,270330,卖盘
13:15:34,62.88,0.02,240,1508971,买盘
13:15:37,62.89,0.01,40,251531,买盘
13:15:39,62.88,-0.01,17,106896,卖盘
13:15:43,62.89,0.01,69,433940,买盘
13:15:45,62.89,0.0,16,100624,卖盘
13:15:48,62.9,0.01,54,339607,买盘
13:15:52,62.9,0.0,192,1207311,买盘
13:15:54,62.89,-0.01,64,402459,中性盘
13:15:58,62.87,-0.02,70,440181,卖盘
13:16:01,62.86,-0.01,25,157162,卖盘
13:16:05,62.86,0.0,32,201165,卖盘
13:16:07,62.87,0.01,62,389744,买盘
13:16:09,62.88,0.01,48,301784,买盘
13:16:13,62.88,0.0,54,339471,买盘
13:16:15,62.88,0.0,21,132026,买盘
13:16:18,62.87,-0.01,16,100599,卖盘
13:16:22,62.88,0.01,36,226357,买盘
13:16:24,62.87,-0.01,38,238917,卖盘
13:16:28,62.88,0.01,22,138265,买盘
13:16:30,62.87,-0.01,26,163482,卖盘
13:16:33,62.88,0.01,245,1540127,买盘
13:16:36,62.88,0.0,51,316203,买盘
13:16:39,62.87,-0.01,31,194896,买盘
13:16:43,62.88,0.01,120,754467,买盘
13:16:46,62.88,0.0,102,641195,买盘
13:16:49,62.87,-0.01,61,383537,卖盘
13:16:52,62.87,0.0,26,163463,卖盘
13:16:54,62.87,0.0,72,452721,卖盘
13:16:58,62.87,0.0,9,56576,买盘
13:17:00,62.86,-0.01,20,125647,卖盘
13:17:05,62.85,-0.01,96,603452,卖盘
13:17:07,62.86,0.01,16,100566,买盘
13:17:10,62.86,0.0,36,226305,买盘
13:17:13,62.86,0.0,123,773162,买盘
13:17:16,62.86,0.0,58,364571,买盘
13:17:18,62.86,0.0,77,484045,卖盘
13:17:22,62.87,0.01,14,88010,买盘
13:17:25,62.87,0.0,18,113157,买盘
13:17:28,62.86,-0.01,16,100585,卖盘
13:17:30,62.87,0.01,16,100581,买盘
13:17:33,62.86,-0.01,65,408580,卖盘
13:17:37,62.84,-0.02,33,210920,卖盘
13:17:39,62.85,0.01,49,307962,买盘
13:17:43,62.86,0.01,133,835874,买盘
13:17:46,62.85,-0.01,83,521636,卖盘
13:17:49,62.84,-0.01,27,169655,买盘
13:17:52,62.83,-0.01,32,201072,卖盘
13:17:54,62.83,0.0,46,289044,卖盘
13:17:57,62.84,0.01,66,414698,买盘
13:18:00,62.83,-0.01,45,278840,卖盘
13:18:05,62.82,-0.01,119,752549,卖盘
13:18:07,62.82,0.0,58,364354,卖盘
13:18:10,62.83,0.01,90,565420,买盘
13:18:13,62.83,0.0,82,509154,买盘
13:18:15,62.81,-0.02,66,414560,卖盘
13:18:18,62.82,0.01,39,244973,买盘
13:18:21,62.8,-0.02,140,885120,卖盘
13:18:24,62.81,0.01,51,314393,买盘
13:18:28,62.81,0.0,28,175858,买盘
13:18:30,62.8,-0.01,35,219811,卖盘
13:18:33,62.8,0.0,97,609672,卖盘
13:18:37,62.8,0.0,259,1626521,卖盘
13:18:40,62.8,0.0,88,558014,卖盘
13:18:42,62.79,-0.01,76,473112,卖盘
13:18:45,62.79,0.0,125,785384,买盘
13:18:48,62.78,-0.01,25,156943,卖盘
13:18:52,62.78,0.0,44,276218,买盘
13:18:55,62.78,0.0,34,213430,买盘
13:18:58,62.75,-0.03,58,364008,卖盘
13:19:00,62.76,0.01,24,150619,中性盘
13:19:04,62.74,-0.02,84,527106,卖盘
13:19:07,62.71,-0.03,27,170360,卖盘
13:19:10,62.75,0.04,52,325133,买盘
13:19:12,62.72,-0.03,95,595671,买盘
13:19:16,62.72,0.0,115,721078,买盘
13:19:19,62.71,-0.01,117,733674,买盘
13:19:22,62.71,0.0,77,482809,买盘
13:19:25,62.71,0.0,74,464006,买盘
13:19:27,62.71,0.0,105,658447,买盘
13:19:31,62.7,-0.01,38,238276,卖盘
13:19:34,62.7,0.0,69,432661,卖盘
13:19:37,62.71,0.01,55,344882,买盘
13:19:40,62.71,0.0,139,871541,买盘
13:19:42,62.71,0.0,80,501648,买盘
13:19:45,62.71,0.0,152,953181,买盘
13:19:49,62.71,0.0,211,1323042,买盘
13:19:52,62.7,-0.01,151,947412,卖盘
13:19:54,62.7,0.0,51,319824,卖盘
13:19:57,62.71,0.01,34,213193,卖盘
13:20:01,62.71,0.0,61,382584,卖盘
13:20:04,62.7,-0.01,51,319797,卖盘
13:20:06,62.71,0.01,258,1617687,买盘
13:20:10,62.71,0.0,94,589405,买盘
13:20:13,62.71,0.0,181,1132546,买盘
13:20:16,62.71,0.0,93,583165,买盘
13:20:18,62.71,0.0,31,194382,买盘
13:20:22,62.71,0.0,48,300962,买盘
13:20:25,62.7,-0.01,102,641267,卖盘
13:20:27,62.7,0.0,105,658340,买盘
13:20:31,62.7,0.0,264,1653496,买盘
13:20:33,62.7,0.0,69,432611,卖盘
13:20:36,62.71,0.01,36,225714,买盘
13:20:40,62.69,-0.02,131,821397,卖盘
13:20:42,62.71,0.02,118,740046,卖盘
13:20:45,62.73,0.02,35,219568,买盘
13:20:48,62.73,0.0,11,69003,卖盘
13:20:52,62.75,0.02,40,250998,买盘
13:20:54,62.73,-0.02,169,1060056,卖盘
13:20:57,62.73,0.0,48,301075,买盘
13:21:01,62.75,0.02,9,56457,买盘
13:21:05,62.73,-0.02,35,219567,卖盘
13:21:07,62.75,0.02,45,282282,买盘
13:21:10,62.73,-0.02,25,156815,中性盘
13:21:12,62.72,-0.01,20,127311,中性盘
13:21:16,62.75,0.03,24,150560,买盘
13:21:19,62.74,-0.01,22,138018,买盘
13:21:21,62.74,0.0,35,219601,买盘
13:21:25,62.73,-0.01,62,388929,卖盘
13:21:28,62.74,0.01,62,388934,买盘
13:21:30,62.73,-0.01,37,234305,卖盘
13:21:33,62.74,0.01,257,1609328,买盘
13:21:37,62.72,-0.02,40,249509,卖盘
13:21:39,62.73,0.01,43,269818,买盘
13:21:42,62.71,-0.02,115,721277,卖盘
13:21:46,62.7,-0.01,38,238283,卖盘
13:21:48,62.7,0.0,186,1166379,卖盘
13:21:51,62.7,0.0,102,639596,卖盘
13:21:54,62.7,0.0,191,1197585,卖盘
13:21:57,62.7,0.0,67,420100,买盘
13:22:00,62.7,0.0,41,257064,卖盘
13:22:04,62.7,0.0,134,841147,买盘
13:22:07,62.7,0.0,31,194357,买盘
13:22:09,62.69,-0.01,125,783747,卖盘
13:22:13,62.69,0.0,83,521014,卖盘
13:22:16,62.7,0.01,53,332253,买盘
13:22:18,62.69,-0.01,16,100301,中性盘
13:22:21,62.69,0.0,82,514056,买盘
13:22:24,62.7,0.01,40,250792,买盘
13:22:28,62.69,-0.01,94,589305,卖盘
13:22:31,62.7,0.01,20,125400,卖盘
13:22:33,62.7,0.0,37,232044,卖盘
13:22:36,62.7,0.0,29,181843,买盘
13:22:40,62.7,0.0,72,451585,买盘
13:22:43,62.69,-0.01,30,188114,卖盘
13:22:45,62.7,0.01,52,326018,卖盘
13:22:48,62.73,0.03,88,551928,买盘
13:22:52,62.7,-0.03,77,482952,卖盘
13:22:54,62.7,0.0,57,357398,卖盘
13:22:57,62.7,0.0,10,62694,买盘
13:23:00,62.69,-0.01,36,223631,卖盘
13:23:05,62.7,0.01,458,2871619,买盘
13:23:07,62.69,-0.01,99,620671,卖盘
13:23:10,62.69,0.0,101,633197,卖盘
13:23:13,62.73,0.04,123,771337,买盘
13:23:15,62.73,0.0,53,332469,卖盘
13:23:19,62.73,0.0,13,81549,卖盘
13:23:21,62.73,0.0,42,263363,卖盘
13:23:24,62.73,0.0,25,156794,买盘
13:23:28,62.71,-0.02,19,119164,中性盘
13:23:30,62.73,0.02,15,94077,买盘
13:23:34,62.7,-0.03,59,369960,卖盘
13:23:36,62.7,0.0,43,269632,卖盘
13:23:40,62.7,0.0,48,301065,买盘
13:23:42,62.71,0.01,40,250775,买盘
13:23:45,62.73,0.02,194,1216583,买盘
13:23:48,62.73,0.0,68,426484,买盘
13:23:52,62.71,-0.02,71,445349,卖盘
13:23:55,62.7,-0.01,337,2113906,卖盘
13:23:58,62.71,0.01,20,125431,卖盘
13:24:01,62.71,0.0,21,131689,买盘
13:24:04,62.71,0.0,87,545506,买盘
13:24:07,62.71,0.0,11,68972,买盘
13:24:09,62.7,-0.01,177,1109861,卖盘
13:24:12,62.71,0.01,44,275895,买盘
13:24:15,62.7,-0.01,94,590643,卖盘
13:24:18,62.7,0.0,27,169301,卖盘
13:24:21,62.7,0.0,25,156766,卖盘
13:24:24,62.7,0.0,77,482796,卖盘
13:24:27,62.7,0.0,27,170615,卖盘
13:24:30,62.71,0.01,16,100331,买盘
13:24:33,62.71,0.0,36,225727,买盘
13:24:36,62.71,0.0,15,94052,买盘
13:24:39,62.71,0.0,32,202097,买盘
13:24:43,62.7,-0.01,79,495350,卖盘
13:24:45,62.71,0.01,100,627042,买盘
13:24:48,62.7,-0.01,138,865351,卖盘
13:24:51,62.7,0.0,126,790758,卖盘
13:24:54,62.7,0.0,119,746170,卖盘
13:24:58,62.7,0.0,77,482808,卖盘
13:25:01,62.71,0.01,44,275900,买盘
13:25:04,62.7,-0.01,213,1330956,卖盘
13:25:07,62.7,0.0,72,451418,买盘
13:25:10,62.71,0.01,69,432640,买盘
13:25:12,62.71,0.0,43,269645,买盘
13:25:15,62.71,0.0,36,225752,买盘
13:25:19,62.7,-0.01,60,376202,卖盘
13:25:22,62.71,0.01,162,1015895,买盘
13:25:25,62.71,0.0,205,1285538,买盘
13:25:27,62.71,0.0,33,206943,卖盘
13:25:31,62.71,0.0,25,156775,卖盘
13:25:34,62.71,0.0,35,219494,卖盘
13:25:37,62.71,0.0,11,68984,卖盘
13:25:40,62.72,0.01,48,302907,买盘
13:25:43,62.72,0.0,60,376316,买盘
13:25:45,62.72,0.0,95,595833,买盘
13:25:49,62.72,0.0,52,326164,买盘
13:25:52,62.71,-0.01,127,796447,卖盘
13:25:54,62.72,0.01,130,815384,卖盘
13:25:57,62.75,0.03,83,520638,买盘
13:26:00,62.75,0.0,46,291033,买盘
13:26:05,62.73,-0.02,59,368230,卖盘
13:26:07,62.73,0.0,82,514357,买盘
13:26:10,62.73,0.0,48,301095,买盘
13:26:12,62.73,0.0,37,232094,买盘
13:26:15,62.75,0.02,30,188227,买盘
13:26:19,62.73,-0.02,107,671266,卖盘
13:26:22,62.73,0.0,52,326215,卖盘
13:26:25,62.72,-0.01,87,545761,卖盘
13:26:28,62.73,0.01,28,175621,买盘
13:26:30,62.73,0.0,18,112928,卖盘
13:26:34,62.72,-0.01,32,200733,卖盘
13:26:36,62.72,0.0,38,238362,买盘
13:26:40,62.73,0.01,26,163082,买盘
13:26:42,62.72,-0.01,50,313605,卖盘
13:26:46,62.78,0.06,198,1242468,买盘
13:26:48,62.79,0.01,138,866082,买盘
13:26:52,62.73,-0.06,122,765865,卖盘
13:26:54,62.72,-0.01,164,1029026,卖盘
13:26:58,62.73,0.01,41,257239,中性盘
13:27:01,62.81,0.08,245,1537160,买盘
13:27:04,62.73,-0.08,267,1677432,卖盘
13:27:07,62.72,-0.01,47,294834,卖盘
13:27:10,62.75,0.03,70,439200,买盘
13:27:12,62.75,0.0,38,238437,买盘
13:27:15,62.74,-0.01,8,50192,卖盘
13:27:18,62.75,0.01,83,517931,买盘
13:27:21,62.73,-0.02,36,225891,卖盘
13:27:25,62.73,0.0,158,991142,卖盘
13:27:28,62.73,0.0,50,313627,买盘
13:27:31,62.73,0.0,280,1756308,买盘
13:27:33,62.75,0.02,79,496547,买盘
13:27:36,62.72,-0.03,199,1250001,卖盘
13:27:39,62.73,0.01,99,620887,买盘
13:27:42,62.75,0.02,42,261552,买盘
13:27:45,62.75,0.0,14,87842,买盘
13:27:49,62.73,-0.02,62,388975,卖盘
13:27:51,62.74,0.01,10,62732,买盘
13:27:54,62.73,-0.01,151,947338,卖盘
13:27:58,62.72,-0.01,74,464202,卖盘
13:28:01,62.74,0.02,24,150555,买盘
13:28:04,62.73,-0.01,252,1581414,卖盘
13:28:07,62.71,-0.02,74,462507,卖盘
13:28:10,62.71,0.0,52,326084,买盘
13:28:13,62.71,0.0,50,313536,买盘
13:28:15,62.71,0.0,32,200848,买盘
13:28:18,62.71,0.0,26,163039,买盘
13:28:22,62.71,0.0,59,369971,买盘
13:28:25,62.71,0.0,109,683484,买盘
13:28:27,62.71,0.0,128,804204,买盘
13:28:30,62.71,0.0,57,357445,买盘
13:28:33,62.72,0.01,141,884217,买盘
13:28:36,62.71,-0.01,120,752520,卖盘
13:28:39,62.71,0.0,34,213214,卖盘
13:28:42,62.7,-0.01,48,301000,卖盘
13:28:45,62.71,0.01,25,156770,买盘
13:28:48,62.71,0.0,5,31355,卖盘
13:28:51,62.71,0.0,29,182491,卖盘
13:28:55,62.7,-0.01,183,1147614,卖盘
13:28:58,62.71,0.01,55,344915,卖盘
13:29:01,62.72,0.01,21,131703,买盘
13:29:04,62.71,-0.01,99,623972,卖盘
13:29:06,62.72,0.01,104,652194,买盘
13:29:09,62.72,0.0,62,388823,买盘
13:29:12,62.72,0.0,55,341785,买盘
13:29:15,62.71,-0.01,23,144775,中性盘
13:29:18,62.71,0.0,13,81516,卖盘
13:29:21,62.71,0.0,8,50166,买盘
13:29:24,62.7,-0.01,90,564338,卖盘
13:29:28,62.71,0.01,18,112869,买盘
13:29:31,62.71,0.0,66,413886,卖盘
13:29:34,62.71,0.0,15,94058,买盘
13:29:37,62.71,0.0,73,457768,买盘
13:29:39,62.71,0.0,13,81514,买盘
13:29:42,62.71,0.0,89,558076,买盘
13:29:45,62.71,0.0,33,206931,卖盘
13:29:48,62.71,0.0,47,294692,买盘
13:29:52,62.71,0.0,192,1203847,买盘
13:29:55,62.71,0.0,276,1730733,买盘
13:29:58,62.71,0.0,80,501686,卖盘
13:30:00,62.71,0.0,16,100336,卖盘
13:30:04,62.71,0.0,82,514232,卖盘
13:30:07,62.71,0.0,125,783875,卖盘
13:30:10,62.7,-0.01,34,213185,卖盘
